%YAML 1.1
%TAG !u! tag:unity3d.com,2011:
--- !u!1 &8017765790713709780
GameObject:
  m_ObjectHideFlags: 0
  m_CorrespondingSourceObject: {fileID: 0}
  m_PrefabInstance: {fileID: 0}
  m_PrefabAsset: {fileID: 0}
  serializedVersion: 6
  m_Component:
  - component: {fileID: 1515302149642529092}
  - component: {fileID: 7922973476307504128}
  - component: {fileID: 746899420332522803}
  - component: {fileID: 2096226195661774660}
  - component: {fileID: 4780482231067545788}
  m_Layer: 0
  m_Name: CompanionBullet
  m_TagString: Untagged
  m_Icon: {fileID: 0}
  m_NavMeshLayer: 0
  m_StaticEditorFlags: 0
  m_IsActive: 1
--- !u!4 &1515302149642529092
Transform:
  m_ObjectHideFlags: 0
  m_CorrespondingSourceObject: {fileID: 0}
  m_PrefabInstance: {fileID: 0}
  m_PrefabAsset: {fileID: 0}
  m_GameObject: {fileID: 8017765790713709780}
  m_LocalRotation: {x: 0, y: 0, z: 0, w: 1}
  m_LocalPosition: {x: 0, y: 0, z: 0}
  m_LocalScale: {x: 0.2, y: 0.2, z: 0.2}
  m_Children:
  - {fileID: 4228697229304585255}
  m_Father: {fileID: 0}
  m_RootOrder: 0
  m_LocalEulerAnglesHint: {x: 0, y: 0, z: 0}
--- !u!135 &7922973476307504128
SphereCollider:
  m_ObjectHideFlags: 0
  m_CorrespondingSourceObject: {fileID: 0}
  m_PrefabInstance: {fileID: 0}
  m_PrefabAsset: {fileID: 0}
  m_GameObject: {fileID: 8017765790713709780}
  m_Material: {fileID: 0}
  m_IsTrigger: 1
  m_Enabled: 1
  serializedVersion: 2
  m_Radius: 0.5
  m_Center: {x: 0, y: 0, z: 0}
--- !u!54 &746899420332522803
Rigidbody:
  m_ObjectHideFlags: 0
  m_CorrespondingSourceObject: {fileID: 0}
  m_PrefabInstance: {fileID: 0}
  m_PrefabAsset: {fileID: 0}
  m_GameObject: {fileID: 8017765790713709780}
  serializedVersion: 2
  m_Mass: 1
  m_Drag: 0
  m_AngularDrag: 0.05
  m_UseGravity: 0
  m_IsKinematic: 0
  m_Interpolate: 0
  m_Constraints: 112
  m_CollisionDetection: 1
--- !u!114 &2096226195661774660
MonoBehaviour:
  m_ObjectHideFlags: 0
  m_CorrespondingSourceObject: {fileID: 0}
  m_PrefabInstance: {fileID: 0}
  m_PrefabAsset: {fileID: 0}
  m_GameObject: {fileID: 8017765790713709780}
  m_Enabled: 1
  m_EditorHideFlags: 0
  m_Script: {fileID: 11500000, guid: 7bea4af57164a7a4587edf16f81c692a, type: 3}
  m_Name: 
  m_EditorClassIdentifier: 
  stat: 2
  baseAtk: 75
  debuff:
    stat: 0
    statInstantMod: 0
    ricorrente: 0
    time: 0
    totDuration: 0
    modifier: 0
    permanent: 0
  doDebuff: 0
  techScaling: 0
  explosionFx: {fileID: 5121922306798022356, guid: 94c665215ec89804dba10db35d5a6ce0,
    type: 3}
  radius: 0
--- !u!114 &4780482231067545788
MonoBehaviour:
  m_ObjectHideFlags: 0
  m_CorrespondingSourceObject: {fileID: 0}
  m_PrefabInstance: {fileID: 0}
  m_PrefabAsset: {fileID: 0}
  m_GameObject: {fileID: 8017765790713709780}
  m_Enabled: 1
  m_EditorHideFlags: 0
  m_Script: {fileID: 11500000, guid: 9a6610d2e704f1648819acc8d7460285, type: 3}
  m_Name: 
  m_EditorClassIdentifier: 
  Event: event:/SFX/All_Enemies_Ranged_Attack
  PlayEvent: 11
  StopEvent: 2
  CollisionTag: 
  AllowFadeout: 1
  TriggerOnce: 0
  Preload: 0
  Params: []
  OverrideAttenuation: 0
  OverrideMinDistance: 0
  OverrideMaxDistance: 11
--- !u!1001 &2166555085955508284
PrefabInstance:
  m_ObjectHideFlags: 0
  serializedVersion: 2
  m_Modification:
    m_TransformParent: {fileID: 1515302149642529092}
    m_Modifications:
    - target: {fileID: 8400934579202739008, guid: 9cd59d49f5237e84fab79002ac6312dc,
        type: 3}
      propertyPath: m_Name
      value: Projectile
      objectReference: {fileID: 0}
    - target: {fileID: 2647694259373831195, guid: 9cd59d49f5237e84fab79002ac6312dc,
        type: 3}
      propertyPath: m_LocalPosition.x
      value: 0
      objectReference: {fileID: 0}
    - target: {fileID: 2647694259373831195, guid: 9cd59d49f5237e84fab79002ac6312dc,
        type: 3}
      propertyPath: m_LocalPosition.y
      value: 0
      objectReference: {fileID: 0}
    - target: {fileID: 2647694259373831195, guid: 9cd59d49f5237e84fab79002ac6312dc,
        type: 3}
      propertyPath: m_LocalPosition.z
      value: 0
      objectReference: {fileID: 0}
    - target: {fileID: 2647694259373831195, guid: 9cd59d49f5237e84fab79002ac6312dc,
        type: 3}
      propertyPath: m_LocalRotation.x
      value: 0
      objectReference: {fileID: 0}
    - target: {fileID: 2647694259373831195, guid: 9cd59d49f5237e84fab79002ac6312dc,
        type: 3}
      propertyPath: m_LocalRotation.y
      value: 0
      objectReference: {fileID: 0}
    - target: {fileID: 2647694259373831195, guid: 9cd59d49f5237e84fab79002ac6312dc,
        type: 3}
      propertyPath: m_LocalRotation.z
      value: 0
      objectReference: {fileID: 0}
    - target: {fileID: 2647694259373831195, guid: 9cd59d49f5237e84fab79002ac6312dc,
        type: 3}
      propertyPath: m_LocalRotation.w
      value: 1
      objectReference: {fileID: 0}
    - target: {fileID: 2647694259373831195, guid: 9cd59d49f5237e84fab79002ac6312dc,
        type: 3}
      propertyPath: m_RootOrder
      value: 0
      objectReference: {fileID: 0}
    - target: {fileID: 2647694259373831195, guid: 9cd59d49f5237e84fab79002ac6312dc,
        type: 3}
      propertyPath: m_LocalEulerAnglesHint.x
      value: 0
      objectReference: {fileID: 0}
    - target: {fileID: 2647694259373831195, guid: 9cd59d49f5237e84fab79002ac6312dc,
        type: 3}
      propertyPath: m_LocalEulerAnglesHint.y
      value: 0
      objectReference: {fileID: 0}
    - target: {fileID: 2647694259373831195, guid: 9cd59d49f5237e84fab79002ac6312dc,
        type: 3}
      propertyPath: m_LocalEulerAnglesHint.z
      value: 0
      objectReference: {fileID: 0}
    m_RemovedComponents: []
  m_SourcePrefab: {fileID: 100100000, guid: 9cd59d49f5237e84fab79002ac6312dc, type: 3}
--- !u!4 &4228697229304585255 stripped
Transform:
  m_CorrespondingSourceObject: {fileID: 2647694259373831195, guid: 9cd59d49f5237e84fab79002ac6312dc,
    type: 3}
  m_PrefabInstance: {fileID: 2166555085955508284}
  m_PrefabAsset: {fileID: 0}
