%YAML 1.1
%TAG !u! tag:unity3d.com,2011:
--- !u!1 &912190909989721595
GameObject:
  m_ObjectHideFlags: 0
  m_CorrespondingSourceObject: {fileID: 0}
  m_PrefabInstance: {fileID: 0}
  m_PrefabAsset: {fileID: 0}
  serializedVersion: 6
  m_Component:
  - component: {fileID: 8831143025999395606}
  - component: {fileID: 1036298910767468830}
  - component: {fileID: 5916654739069821639}
  - component: {fileID: 1925921432525973252}
  - component: {fileID: 4972787069289991673}
  m_Layer: 15
  m_Name: Node (6)
  m_TagString: Untagged
  m_Icon: {fileID: 0}
  m_NavMeshLayer: 0
  m_StaticEditorFlags: 0
  m_IsActive: 1
--- !u!4 &8831143025999395606
Transform:
  m_ObjectHideFlags: 0
  m_CorrespondingSourceObject: {fileID: 0}
  m_PrefabInstance: {fileID: 0}
  m_PrefabAsset: {fileID: 0}
  m_GameObject: {fileID: 912190909989721595}
  m_LocalRotation: {x: -0, y: -0, z: -0, w: 1}
  m_LocalPosition: {x: -2.9064827, y: 0.22992134, z: -2.5}
  m_LocalScale: {x: 5, y: 5, z: 25}
  m_Children: []
  m_Father: {fileID: 1396668831499462965}
  m_RootOrder: 0
  m_LocalEulerAnglesHint: {x: 0, y: 0, z: 0}
--- !u!212 &1036298910767468830
SpriteRenderer:
  m_ObjectHideFlags: 0
  m_CorrespondingSourceObject: {fileID: 0}
  m_PrefabInstance: {fileID: 0}
  m_PrefabAsset: {fileID: 0}
  m_GameObject: {fileID: 912190909989721595}
  m_Enabled: 1
  m_CastShadows: 0
  m_ReceiveShadows: 0
  m_DynamicOccludee: 1
  m_MotionVectors: 1
  m_LightProbeUsage: 1
  m_ReflectionProbeUsage: 1
  m_RenderingLayerMask: 1
  m_RendererPriority: 0
  m_Materials:
  - {fileID: 10754, guid: 0000000000000000f000000000000000, type: 0}
  m_StaticBatchInfo:
    firstSubMesh: 0
    subMeshCount: 0
  m_StaticBatchRoot: {fileID: 0}
  m_ProbeAnchor: {fileID: 0}
  m_LightProbeVolumeOverride: {fileID: 0}
  m_ScaleInLightmap: 1
  m_PreserveUVs: 0
  m_IgnoreNormalsForChartDetection: 0
  m_ImportantGI: 0
  m_StitchLightmapSeams: 0
  m_SelectedEditorRenderState: 0
  m_MinimumChartSize: 4
  m_AutoUVMaxDistance: 0.5
  m_AutoUVMaxAngle: 89
  m_LightmapParameters: {fileID: 0}
  m_SortingLayerID: 0
  m_SortingLayer: 0
  m_SortingOrder: 0
  m_Sprite: {fileID: 10913, guid: 0000000000000000f000000000000000, type: 0}
  m_Color: {r: 1, g: 1, b: 1, a: 1}
  m_FlipX: 0
  m_FlipY: 0
  m_DrawMode: 0
  m_Size: {x: 0.2, y: 0.2}
  m_AdaptiveModeThreshold: 0.5
  m_SpriteTileMode: 0
  m_WasSpriteAssigned: 1
  m_MaskInteraction: 0
  m_SpriteSortPoint: 0
--- !u!114 &5916654739069821639
MonoBehaviour:
  m_ObjectHideFlags: 0
  m_CorrespondingSourceObject: {fileID: 0}
  m_PrefabInstance: {fileID: 0}
  m_PrefabAsset: {fileID: 0}
  m_GameObject: {fileID: 912190909989721595}
  m_Enabled: 1
  m_EditorHideFlags: 0
  m_Script: {fileID: 11500000, guid: a7bbfb4805b773743914124e2ed3056e, type: 3}
  m_Name: 
  m_EditorClassIdentifier: 
  col: {r: 1, g: 1, b: 1, a: 1}
  nodes:
  - {fileID: 1935348228438817002}
  graphMaker: {fileID: 0}
  sr: {fileID: 1036298910767468830}
  cost: 0
  h: 0
--- !u!65 &1925921432525973252
BoxCollider:
  m_ObjectHideFlags: 0
  m_CorrespondingSourceObject: {fileID: 0}
  m_PrefabInstance: {fileID: 0}
  m_PrefabAsset: {fileID: 0}
  m_GameObject: {fileID: 912190909989721595}
  m_Material: {fileID: 0}
  m_IsTrigger: 1
  m_Enabled: 1
  serializedVersion: 2
  m_Size: {x: 0.3667782, y: 0.2, z: 0.19999997}
  m_Center: {x: -0.015327639, y: 0, z: 0}
--- !u!54 &4972787069289991673
Rigidbody:
  m_ObjectHideFlags: 0
  m_CorrespondingSourceObject: {fileID: 0}
  m_PrefabInstance: {fileID: 0}
  m_PrefabAsset: {fileID: 0}
  m_GameObject: {fileID: 912190909989721595}
  serializedVersion: 2
  m_Mass: 1
  m_Drag: 0
  m_AngularDrag: 0.05
  m_UseGravity: 0
  m_IsKinematic: 1
  m_Interpolate: 0
  m_Constraints: 0
  m_CollisionDetection: 0
--- !u!1 &3405758092949797763
GameObject:
  m_ObjectHideFlags: 0
  m_CorrespondingSourceObject: {fileID: 0}
  m_PrefabInstance: {fileID: 0}
  m_PrefabAsset: {fileID: 0}
  serializedVersion: 6
  m_Component:
  - component: {fileID: 1396668831499462965}
  m_Layer: 0
  m_Name: Nodes_Package
  m_TagString: Untagged
  m_Icon: {fileID: 0}
  m_NavMeshLayer: 0
  m_StaticEditorFlags: 0
  m_IsActive: 1
--- !u!4 &1396668831499462965
Transform:
  m_ObjectHideFlags: 0
  m_CorrespondingSourceObject: {fileID: 0}
  m_PrefabInstance: {fileID: 0}
  m_PrefabAsset: {fileID: 0}
  m_GameObject: {fileID: 3405758092949797763}
  m_LocalRotation: {x: -0, y: -0, z: -0, w: 1}
  m_LocalPosition: {x: -41.373516, y: 5.3536906, z: 0}
  m_LocalScale: {x: 1, y: 1, z: 1}
  m_Children:
  - {fileID: 8831143025999395606}
  - {fileID: 383695432625714266}
  - {fileID: 3588773584201914307}
  - {fileID: 7753173896953324179}
  m_Father: {fileID: 0}
  m_RootOrder: 0
  m_LocalEulerAnglesHint: {x: 0, y: 0, z: 0}
--- !u!1 &7385136182683843020
GameObject:
  m_ObjectHideFlags: 0
  m_CorrespondingSourceObject: {fileID: 0}
  m_PrefabInstance: {fileID: 0}
  m_PrefabAsset: {fileID: 0}
  serializedVersion: 6
  m_Component:
  - component: {fileID: 383695432625714266}
  - component: {fileID: 3639392879740854773}
  - component: {fileID: 1935348228438817002}
  - component: {fileID: 3631385224734905877}
  - component: {fileID: 5210452179490330455}
  m_Layer: 15
  m_Name: Node (7)
  m_TagString: Untagged
  m_Icon: {fileID: 0}
  m_NavMeshLayer: 0
  m_StaticEditorFlags: 0
  m_IsActive: 1
--- !u!4 &383695432625714266
Transform:
  m_ObjectHideFlags: 0
  m_CorrespondingSourceObject: {fileID: 0}
  m_PrefabInstance: {fileID: 0}
  m_PrefabAsset: {fileID: 0}
  m_GameObject: {fileID: 7385136182683843020}
  m_LocalRotation: {x: -0, y: -0, z: -0, w: 1}
  m_LocalPosition: {x: -0.078228, y: 0.22992134, z: -2.5}
  m_LocalScale: {x: 5, y: 5, z: 25}
  m_Children: []
  m_Father: {fileID: 1396668831499462965}
  m_RootOrder: 1
  m_LocalEulerAnglesHint: {x: 0, y: 0, z: 0}
--- !u!212 &3639392879740854773
SpriteRenderer:
  m_ObjectHideFlags: 0
  m_CorrespondingSourceObject: {fileID: 0}
  m_PrefabInstance: {fileID: 0}
  m_PrefabAsset: {fileID: 0}
  m_GameObject: {fileID: 7385136182683843020}
  m_Enabled: 1
  m_CastShadows: 0
  m_ReceiveShadows: 0
  m_DynamicOccludee: 1
  m_MotionVectors: 1
  m_LightProbeUsage: 1
  m_ReflectionProbeUsage: 1
  m_RenderingLayerMask: 1
  m_RendererPriority: 0
  m_Materials:
  - {fileID: 10754, guid: 0000000000000000f000000000000000, type: 0}
  m_StaticBatchInfo:
    firstSubMesh: 0
    subMeshCount: 0
  m_StaticBatchRoot: {fileID: 0}
  m_ProbeAnchor: {fileID: 0}
  m_LightProbeVolumeOverride: {fileID: 0}
  m_ScaleInLightmap: 1
  m_PreserveUVs: 0
  m_IgnoreNormalsForChartDetection: 0
  m_ImportantGI: 0
  m_StitchLightmapSeams: 0
  m_SelectedEditorRenderState: 0
  m_MinimumChartSize: 4
  m_AutoUVMaxDistance: 0.5
  m_AutoUVMaxAngle: 89
  m_LightmapParameters: {fileID: 0}
  m_SortingLayerID: 0
  m_SortingLayer: 0
  m_SortingOrder: 0
  m_Sprite: {fileID: 10913, guid: 0000000000000000f000000000000000, type: 0}
  m_Color: {r: 1, g: 1, b: 1, a: 1}
  m_FlipX: 0
  m_FlipY: 0
  m_DrawMode: 0
  m_Size: {x: 0.2, y: 0.2}
  m_AdaptiveModeThreshold: 0.5
  m_SpriteTileMode: 0
  m_WasSpriteAssigned: 1
  m_MaskInteraction: 0
  m_SpriteSortPoint: 0
--- !u!114 &1935348228438817002
MonoBehaviour:
  m_ObjectHideFlags: 0
  m_CorrespondingSourceObject: {fileID: 0}
  m_PrefabInstance: {fileID: 0}
  m_PrefabAsset: {fileID: 0}
  m_GameObject: {fileID: 7385136182683843020}
  m_Enabled: 1
  m_EditorHideFlags: 0
  m_Script: {fileID: 11500000, guid: a7bbfb4805b773743914124e2ed3056e, type: 3}
  m_Name: 
  m_EditorClassIdentifier: 
  col: {r: 1, g: 1, b: 1, a: 1}
  nodes: []
  graphMaker: {fileID: 0}
  sr: {fileID: 3639392879740854773}
  cost: 0
  h: 0
--- !u!65 &3631385224734905877
BoxCollider:
  m_ObjectHideFlags: 0
  m_CorrespondingSourceObject: {fileID: 0}
  m_PrefabInstance: {fileID: 0}
  m_PrefabAsset: {fileID: 0}
  m_GameObject: {fileID: 7385136182683843020}
  m_Material: {fileID: 0}
  m_IsTrigger: 1
  m_Enabled: 1
  serializedVersion: 2
  m_Size: {x: 0.36726353, y: 0.2, z: 0.19999997}
  m_Center: {x: -0.017929697, y: 0, z: 0}
--- !u!54 &5210452179490330455
Rigidbody:
  m_ObjectHideFlags: 0
  m_CorrespondingSourceObject: {fileID: 0}
  m_PrefabInstance: {fileID: 0}
  m_PrefabAsset: {fileID: 0}
  m_GameObject: {fileID: 7385136182683843020}
  serializedVersion: 2
  m_Mass: 1
  m_Drag: 0
  m_AngularDrag: 0.05
  m_UseGravity: 0
  m_IsKinematic: 1
  m_Interpolate: 0
  m_Constraints: 0
  m_CollisionDetection: 0
--- !u!1001 &2392444781580603095
PrefabInstance:
  m_ObjectHideFlags: 0
  serializedVersion: 2
  m_Modification:
    m_TransformParent: {fileID: 1396668831499462965}
    m_Modifications:
    - target: {fileID: 1224496782129518868, guid: 14f006b66a09d674bb49eb60be346666,
        type: 3}
      propertyPath: m_LocalPosition.x
      value: -5.078228
      objectReference: {fileID: 0}
    - target: {fileID: 1224496782129518868, guid: 14f006b66a09d674bb49eb60be346666,
        type: 3}
      propertyPath: m_LocalPosition.y
      value: 0.22992134
      objectReference: {fileID: 0}
    - target: {fileID: 1224496782129518868, guid: 14f006b66a09d674bb49eb60be346666,
        type: 3}
      propertyPath: m_LocalPosition.z
      value: -2.5
      objectReference: {fileID: 0}
    - target: {fileID: 1224496782129518868, guid: 14f006b66a09d674bb49eb60be346666,
        type: 3}
      propertyPath: m_LocalRotation.x
      value: -0
      objectReference: {fileID: 0}
    - target: {fileID: 1224496782129518868, guid: 14f006b66a09d674bb49eb60be346666,
        type: 3}
      propertyPath: m_LocalRotation.y
      value: -0
      objectReference: {fileID: 0}
    - target: {fileID: 1224496782129518868, guid: 14f006b66a09d674bb49eb60be346666,
        type: 3}
      propertyPath: m_LocalRotation.z
      value: -0
      objectReference: {fileID: 0}
    - target: {fileID: 1224496782129518868, guid: 14f006b66a09d674bb49eb60be346666,
        type: 3}
      propertyPath: m_LocalRotation.w
      value: 1
      objectReference: {fileID: 0}
    - target: {fileID: 1224496782129518868, guid: 14f006b66a09d674bb49eb60be346666,
        type: 3}
      propertyPath: m_RootOrder
      value: 2
      objectReference: {fileID: 0}
    - target: {fileID: 1224496782129518868, guid: 14f006b66a09d674bb49eb60be346666,
        type: 3}
      propertyPath: m_LocalEulerAnglesHint.x
      value: 0
      objectReference: {fileID: 0}
    - target: {fileID: 1224496782129518868, guid: 14f006b66a09d674bb49eb60be346666,
        type: 3}
      propertyPath: m_LocalEulerAnglesHint.y
      value: 0
      objectReference: {fileID: 0}
    - target: {fileID: 1224496782129518868, guid: 14f006b66a09d674bb49eb60be346666,
        type: 3}
      propertyPath: m_LocalEulerAnglesHint.z
      value: 0
      objectReference: {fileID: 0}
    - target: {fileID: 61921778441438266, guid: 14f006b66a09d674bb49eb60be346666,
        type: 3}
      propertyPath: m_Name
      value: Node (46)
      objectReference: {fileID: 0}
    - target: {fileID: 3734053712705307014, guid: 14f006b66a09d674bb49eb60be346666,
        type: 3}
      propertyPath: sr
      value: 
      objectReference: {fileID: 1273143627343533906}
    - target: {fileID: 3501749613030037893, guid: 14f006b66a09d674bb49eb60be346666,
        type: 3}
      propertyPath: m_Enabled
      value: 1
      objectReference: {fileID: 0}
    - target: {fileID: 1126217467769192550, guid: 14f006b66a09d674bb49eb60be346666,
        type: 3}
      propertyPath: m_Size.y
      value: 1.0835577
      objectReference: {fileID: 0}
    - target: {fileID: 1126217467769192550, guid: 14f006b66a09d674bb49eb60be346666,
        type: 3}
      propertyPath: m_Center.y
      value: 0.44177887
      objectReference: {fileID: 0}
    - target: {fileID: 1126217467769192550, guid: 14f006b66a09d674bb49eb60be346666,
        type: 3}
      propertyPath: m_Size.x
      value: 0.39043123
      objectReference: {fileID: 0}
    - target: {fileID: 1126217467769192550, guid: 14f006b66a09d674bb49eb60be346666,
        type: 3}
      propertyPath: m_Center.x
      value: -0.09521561
      objectReference: {fileID: 0}
    m_RemovedComponents: []
  m_SourcePrefab: {fileID: 100100000, guid: 14f006b66a09d674bb49eb60be346666, type: 3}
--- !u!4 &3588773584201914307 stripped
Transform:
  m_CorrespondingSourceObject: {fileID: 1224496782129518868, guid: 14f006b66a09d674bb49eb60be346666,
    type: 3}
  m_PrefabInstance: {fileID: 2392444781580603095}
  m_PrefabAsset: {fileID: 0}
--- !u!212 &1273143627343533906 stripped
SpriteRenderer:
  m_CorrespondingSourceObject: {fileID: 3501749613030037893, guid: 14f006b66a09d674bb49eb60be346666,
    type: 3}
  m_PrefabInstance: {fileID: 2392444781580603095}
  m_PrefabAsset: {fileID: 0}
--- !u!1001 &8891943777938946951
PrefabInstance:
  m_ObjectHideFlags: 0
  serializedVersion: 2
  m_Modification:
    m_TransformParent: {fileID: 1396668831499462965}
    m_Modifications:
    - target: {fileID: 1224496782129518868, guid: 14f006b66a09d674bb49eb60be346666,
        type: 3}
      propertyPath: m_LocalPosition.x
      value: 2.7535172
      objectReference: {fileID: 0}
    - target: {fileID: 1224496782129518868, guid: 14f006b66a09d674bb49eb60be346666,
        type: 3}
      propertyPath: m_LocalPosition.y
      value: 0.22992134
      objectReference: {fileID: 0}
    - target: {fileID: 1224496782129518868, guid: 14f006b66a09d674bb49eb60be346666,
        type: 3}
      propertyPath: m_LocalPosition.z
      value: -2.5
      objectReference: {fileID: 0}
    - target: {fileID: 1224496782129518868, guid: 14f006b66a09d674bb49eb60be346666,
        type: 3}
      propertyPath: m_LocalRotation.x
      value: -0
      objectReference: {fileID: 0}
    - target: {fileID: 1224496782129518868, guid: 14f006b66a09d674bb49eb60be346666,
        type: 3}
      propertyPath: m_LocalRotation.y
      value: -0
      objectReference: {fileID: 0}
    - target: {fileID: 1224496782129518868, guid: 14f006b66a09d674bb49eb60be346666,
        type: 3}
      propertyPath: m_LocalRotation.z
      value: -0
      objectReference: {fileID: 0}
    - target: {fileID: 1224496782129518868, guid: 14f006b66a09d674bb49eb60be346666,
        type: 3}
      propertyPath: m_LocalRotation.w
      value: 1
      objectReference: {fileID: 0}
    - target: {fileID: 1224496782129518868, guid: 14f006b66a09d674bb49eb60be346666,
        type: 3}
      propertyPath: m_RootOrder
      value: 3
      objectReference: {fileID: 0}
    - target: {fileID: 1224496782129518868, guid: 14f006b66a09d674bb49eb60be346666,
        type: 3}
      propertyPath: m_LocalEulerAnglesHint.x
      value: 0
      objectReference: {fileID: 0}
    - target: {fileID: 1224496782129518868, guid: 14f006b66a09d674bb49eb60be346666,
        type: 3}
      propertyPath: m_LocalEulerAnglesHint.y
      value: 0
      objectReference: {fileID: 0}
    - target: {fileID: 1224496782129518868, guid: 14f006b66a09d674bb49eb60be346666,
        type: 3}
      propertyPath: m_LocalEulerAnglesHint.z
      value: 0
      objectReference: {fileID: 0}
    - target: {fileID: 61921778441438266, guid: 14f006b66a09d674bb49eb60be346666,
        type: 3}
      propertyPath: m_Name
      value: Node (47)
      objectReference: {fileID: 0}
    - target: {fileID: 3734053712705307014, guid: 14f006b66a09d674bb49eb60be346666,
        type: 3}
      propertyPath: sr
      value: 
      objectReference: {fileID: 5475868594700018178}
    - target: {fileID: 3501749613030037893, guid: 14f006b66a09d674bb49eb60be346666,
        type: 3}
      propertyPath: m_Enabled
      value: 1
      objectReference: {fileID: 0}
    - target: {fileID: 1126217467769192550, guid: 14f006b66a09d674bb49eb60be346666,
        type: 3}
      propertyPath: m_Size.x
      value: 0.39043123
      objectReference: {fileID: 0}
    - target: {fileID: 1126217467769192550, guid: 14f006b66a09d674bb49eb60be346666,
        type: 3}
      propertyPath: m_Size.y
      value: 1.0835577
      objectReference: {fileID: 0}
    - target: {fileID: 1126217467769192550, guid: 14f006b66a09d674bb49eb60be346666,
        type: 3}
      propertyPath: m_Center.x
      value: -0.09521561
      objectReference: {fileID: 0}
    - target: {fileID: 1126217467769192550, guid: 14f006b66a09d674bb49eb60be346666,
        type: 3}
      propertyPath: m_Center.y
      value: 0.44177887
      objectReference: {fileID: 0}
    m_RemovedComponents: []
  m_SourcePrefab: {fileID: 100100000, guid: 14f006b66a09d674bb49eb60be346666, type: 3}
--- !u!4 &7753173896953324179 stripped
Transform:
  m_CorrespondingSourceObject: {fileID: 1224496782129518868, guid: 14f006b66a09d674bb49eb60be346666,
    type: 3}
  m_PrefabInstance: {fileID: 8891943777938946951}
  m_PrefabAsset: {fileID: 0}
--- !u!212 &5475868594700018178 stripped
SpriteRenderer:
  m_CorrespondingSourceObject: {fileID: 3501749613030037893, guid: 14f006b66a09d674bb49eb60be346666,
    type: 3}
  m_PrefabInstance: {fileID: 8891943777938946951}
  m_PrefabAsset: {fileID: 0}
