%YAML 1.1
%TAG !u! tag:unity3d.com,2011:
--- !u!1 &6280658703979149171
GameObject:
  m_ObjectHideFlags: 0
  m_CorrespondingSourceObject: {fileID: 0}
  m_PrefabInstance: {fileID: 0}
  m_PrefabAsset: {fileID: 0}
  serializedVersion: 6
  m_Component:
  - component: {fileID: 6144252561549726453}
  - component: {fileID: 8962193627853066615}
  - component: {fileID: 4951440505071253227}
  m_Layer: 0
  m_Name: Teleport_Blue
  m_TagString: Untagged
  m_Icon: {fileID: 0}
  m_NavMeshLayer: 0
  m_StaticEditorFlags: 0
  m_IsActive: 1
--- !u!4 &6144252561549726453
Transform:
  m_ObjectHideFlags: 0
  m_CorrespondingSourceObject: {fileID: 0}
  m_PrefabInstance: {fileID: 0}
  m_PrefabAsset: {fileID: 0}
  m_GameObject: {fileID: 6280658703979149171}
  m_LocalRotation: {x: 0, y: 0, z: 0, w: 1}
  m_LocalPosition: {x: 41, y: -6, z: 3.5}
  m_LocalScale: {x: 1, y: 1, z: 1}
  m_Children:
  - {fileID: 7421210268071555409}
  - {fileID: 6345461183247933761}
  - {fileID: 8033639610809695354}
  - {fileID: 1419494551898505162}
  m_Father: {fileID: 0}
  m_RootOrder: 0
  m_LocalEulerAnglesHint: {x: 0, y: 0, z: 0}
--- !u!65 &8962193627853066615
BoxCollider:
  m_ObjectHideFlags: 0
  m_CorrespondingSourceObject: {fileID: 0}
  m_PrefabInstance: {fileID: 0}
  m_PrefabAsset: {fileID: 0}
  m_GameObject: {fileID: 6280658703979149171}
  m_Material: {fileID: 0}
  m_IsTrigger: 1
  m_Enabled: 1
  serializedVersion: 2
  m_Size: {x: 2, y: 2, z: 1}
  m_Center: {x: 0, y: 1, z: 0}
--- !u!114 &4951440505071253227
MonoBehaviour:
  m_ObjectHideFlags: 0
  m_CorrespondingSourceObject: {fileID: 0}
  m_PrefabInstance: {fileID: 0}
  m_PrefabAsset: {fileID: 0}
  m_GameObject: {fileID: 6280658703979149171}
  m_Enabled: 1
  m_EditorHideFlags: 0
  m_Script: {fileID: 11500000, guid: 5b937ee54aa9d4641b0823d6dbbe80fa, type: 3}
  m_Name: 
  m_EditorClassIdentifier: 
  nextDoor: {fileID: 0}
  sprites:
  - {fileID: 21300000, guid: 1c0267dd46a708a4080a9b9d693e1421, type: 3}
  - {fileID: 21300000, guid: 4f360c27b76c2444eb2c4f7473db56e6, type: 3}
  TeleportFx: {fileID: 7132818711057318664, guid: 4c2d0665fa4b6a046b4a301f5add54fa,
    type: 3}
  TeleportExit: {fileID: 5965757243027387373, guid: c00b888f7828a8244a3b7b62cd982831,
    type: 3}
  color: 0
  inputImage: {fileID: 8069672636385819841}
--- !u!64 &548903910630743495
MeshCollider:
  m_ObjectHideFlags: 0
  m_CorrespondingSourceObject: {fileID: 0}
  m_PrefabInstance: {fileID: 0}
  m_PrefabAsset: {fileID: 0}
  m_GameObject: {fileID: 8033639610809983066}
  m_Material: {fileID: 0}
  m_IsTrigger: 0
  m_Enabled: 1
  serializedVersion: 3
  m_Convex: 1
  m_CookingOptions: 14
  m_Mesh: {fileID: 4300000, guid: ab850dbb5923df1408da999cb98e6b7d, type: 3}
--- !u!1 &8069672636385819841
GameObject:
  m_ObjectHideFlags: 0
  m_CorrespondingSourceObject: {fileID: 0}
  m_PrefabInstance: {fileID: 0}
  m_PrefabAsset: {fileID: 0}
  serializedVersion: 6
  m_Component:
  - component: {fileID: 6345461183247933761}
  - component: {fileID: 6450475610495980463}
  m_Layer: 9
  m_Name: y
  m_TagString: Untagged
  m_Icon: {fileID: 0}
  m_NavMeshLayer: 0
  m_StaticEditorFlags: 0
  m_IsActive: 0
--- !u!4 &6345461183247933761
Transform:
  m_ObjectHideFlags: 0
  m_CorrespondingSourceObject: {fileID: 0}
  m_PrefabInstance: {fileID: 0}
  m_PrefabAsset: {fileID: 0}
  m_GameObject: {fileID: 8069672636385819841}
  m_LocalRotation: {x: 0.000000021855694, y: -0, z: -0, w: 1}
  m_LocalPosition: {x: 0, y: 2.5, z: 0}
  m_LocalScale: {x: 1, y: 1, z: 1}
  m_Children: []
  m_Father: {fileID: 6144252561549726453}
  m_RootOrder: 1
  m_LocalEulerAnglesHint: {x: 0, y: 0, z: 0}
--- !u!212 &6450475610495980463
SpriteRenderer:
  m_ObjectHideFlags: 0
  m_CorrespondingSourceObject: {fileID: 0}
  m_PrefabInstance: {fileID: 0}
  m_PrefabAsset: {fileID: 0}
  m_GameObject: {fileID: 8069672636385819841}
  m_Enabled: 1
  m_CastShadows: 0
  m_ReceiveShadows: 0
  m_DynamicOccludee: 1
  m_MotionVectors: 1
  m_LightProbeUsage: 1
  m_ReflectionProbeUsage: 1
  m_RenderingLayerMask: 1
  m_RendererPriority: 0
  m_Materials:
  - {fileID: 10754, guid: 0000000000000000f000000000000000, type: 0}
  m_StaticBatchInfo:
    firstSubMesh: 0
    subMeshCount: 0
  m_StaticBatchRoot: {fileID: 0}
  m_ProbeAnchor: {fileID: 0}
  m_LightProbeVolumeOverride: {fileID: 0}
  m_ScaleInLightmap: 1
  m_PreserveUVs: 0
  m_IgnoreNormalsForChartDetection: 0
  m_ImportantGI: 0
  m_StitchLightmapSeams: 0
  m_SelectedEditorRenderState: 0
  m_MinimumChartSize: 4
  m_AutoUVMaxDistance: 0.5
  m_AutoUVMaxAngle: 89
  m_LightmapParameters: {fileID: 0}
  m_SortingLayerID: 0
  m_SortingLayer: 0
  m_SortingOrder: 0
  m_Sprite: {fileID: 21300000, guid: 2eac00e49d974bf4aa2696ebb34a81c9, type: 3}
  m_Color: {r: 1, g: 1, b: 1, a: 1}
  m_FlipX: 0
  m_FlipY: 0
  m_DrawMode: 0
  m_Size: {x: 1, y: 1}
  m_AdaptiveModeThreshold: 0.5
  m_SpriteTileMode: 0
  m_WasSpriteAssigned: 1
  m_MaskInteraction: 0
  m_SpriteSortPoint: 0
--- !u!1 &8898095071411098976
GameObject:
  m_ObjectHideFlags: 0
  m_CorrespondingSourceObject: {fileID: 0}
  m_PrefabInstance: {fileID: 0}
  m_PrefabAsset: {fileID: 0}
  serializedVersion: 6
  m_Component:
  - component: {fileID: 7421210268071555409}
  - component: {fileID: 7358432739577101259}
  m_Layer: 18
  m_Name: GameObject
  m_TagString: Untagged
  m_Icon: {fileID: 0}
  m_NavMeshLayer: 0
  m_StaticEditorFlags: 0
  m_IsActive: 1
--- !u!4 &7421210268071555409
Transform:
  m_ObjectHideFlags: 0
  m_CorrespondingSourceObject: {fileID: 0}
  m_PrefabInstance: {fileID: 0}
  m_PrefabAsset: {fileID: 0}
  m_GameObject: {fileID: 8898095071411098976}
  m_LocalRotation: {x: 0, y: 0, z: 0, w: 1}
  m_LocalPosition: {x: 0, y: 2, z: 0}
  m_LocalScale: {x: 0.5, y: 0.5, z: 0.5}
  m_Children: []
  m_Father: {fileID: 6144252561549726453}
  m_RootOrder: 0
  m_LocalEulerAnglesHint: {x: 0, y: 0, z: 0}
--- !u!212 &7358432739577101259
SpriteRenderer:
  m_ObjectHideFlags: 0
  m_CorrespondingSourceObject: {fileID: 0}
  m_PrefabInstance: {fileID: 0}
  m_PrefabAsset: {fileID: 0}
  m_GameObject: {fileID: 8898095071411098976}
  m_Enabled: 1
  m_CastShadows: 0
  m_ReceiveShadows: 0
  m_DynamicOccludee: 1
  m_MotionVectors: 1
  m_LightProbeUsage: 1
  m_ReflectionProbeUsage: 1
  m_RenderingLayerMask: 1
  m_RendererPriority: 0
  m_Materials:
  - {fileID: 10754, guid: 0000000000000000f000000000000000, type: 0}
  m_StaticBatchInfo:
    firstSubMesh: 0
    subMeshCount: 0
  m_StaticBatchRoot: {fileID: 0}
  m_ProbeAnchor: {fileID: 0}
  m_LightProbeVolumeOverride: {fileID: 0}
  m_ScaleInLightmap: 1
  m_PreserveUVs: 0
  m_IgnoreNormalsForChartDetection: 0
  m_ImportantGI: 0
  m_StitchLightmapSeams: 0
  m_SelectedEditorRenderState: 0
  m_MinimumChartSize: 4
  m_AutoUVMaxDistance: 0.5
  m_AutoUVMaxAngle: 89
  m_LightmapParameters: {fileID: 0}
  m_SortingLayerID: 0
  m_SortingLayer: 0
  m_SortingOrder: 1
  m_Sprite: {fileID: 21300000, guid: 1c0267dd46a708a4080a9b9d693e1421, type: 3}
  m_Color: {r: 1, g: 1, b: 1, a: 1}
  m_FlipX: 0
  m_FlipY: 0
  m_DrawMode: 0
  m_Size: {x: 2.36, y: 4.72}
  m_AdaptiveModeThreshold: 0.5
  m_SpriteTileMode: 0
  m_WasSpriteAssigned: 1
  m_MaskInteraction: 0
  m_SpriteSortPoint: 0
--- !u!1001 &456914561041356085
PrefabInstance:
  m_ObjectHideFlags: 0
  serializedVersion: 2
  m_Modification:
    m_TransformParent: {fileID: 6144252561549726453}
    m_Modifications:
    - target: {fileID: 1577464493973302008, guid: 6cd8c1be80c0acf43848bd4ba93dd5ae,
        type: 3}
      propertyPath: m_Name
      value: Plexus2
      objectReference: {fileID: 0}
    - target: {fileID: 1577464493973302015, guid: 6cd8c1be80c0acf43848bd4ba93dd5ae,
        type: 3}
      propertyPath: m_LocalPosition.x
      value: 0
      objectReference: {fileID: 0}
    - target: {fileID: 1577464493973302015, guid: 6cd8c1be80c0acf43848bd4ba93dd5ae,
        type: 3}
      propertyPath: m_LocalPosition.y
      value: 3.1
      objectReference: {fileID: 0}
    - target: {fileID: 1577464493973302015, guid: 6cd8c1be80c0acf43848bd4ba93dd5ae,
        type: 3}
      propertyPath: m_LocalPosition.z
      value: 0
      objectReference: {fileID: 0}
    - target: {fileID: 1577464493973302015, guid: 6cd8c1be80c0acf43848bd4ba93dd5ae,
        type: 3}
      propertyPath: m_LocalRotation.x
      value: -0.7071068
      objectReference: {fileID: 0}
    - target: {fileID: 1577464493973302015, guid: 6cd8c1be80c0acf43848bd4ba93dd5ae,
        type: 3}
      propertyPath: m_LocalRotation.y
      value: 0
      objectReference: {fileID: 0}
    - target: {fileID: 1577464493973302015, guid: 6cd8c1be80c0acf43848bd4ba93dd5ae,
        type: 3}
      propertyPath: m_LocalRotation.z
      value: 0
      objectReference: {fileID: 0}
    - target: {fileID: 1577464493973302015, guid: 6cd8c1be80c0acf43848bd4ba93dd5ae,
        type: 3}
      propertyPath: m_LocalRotation.w
      value: 0.7071068
      objectReference: {fileID: 0}
    - target: {fileID: 1577464493973302015, guid: 6cd8c1be80c0acf43848bd4ba93dd5ae,
        type: 3}
      propertyPath: m_RootOrder
      value: 3
      objectReference: {fileID: 0}
    - target: {fileID: 1577464493973302015, guid: 6cd8c1be80c0acf43848bd4ba93dd5ae,
        type: 3}
      propertyPath: m_LocalEulerAnglesHint.x
      value: -90
      objectReference: {fileID: 0}
    - target: {fileID: 1577464493973302015, guid: 6cd8c1be80c0acf43848bd4ba93dd5ae,
        type: 3}
      propertyPath: m_LocalEulerAnglesHint.y
      value: 0
      objectReference: {fileID: 0}
    - target: {fileID: 1577464493973302015, guid: 6cd8c1be80c0acf43848bd4ba93dd5ae,
        type: 3}
      propertyPath: m_LocalEulerAnglesHint.z
      value: 0
      objectReference: {fileID: 0}
    - target: {fileID: 1577464493973302015, guid: 6cd8c1be80c0acf43848bd4ba93dd5ae,
        type: 3}
      propertyPath: m_LocalScale.x
      value: 0.5
      objectReference: {fileID: 0}
    - target: {fileID: 1577464493973302015, guid: 6cd8c1be80c0acf43848bd4ba93dd5ae,
        type: 3}
      propertyPath: m_LocalScale.y
      value: 1
      objectReference: {fileID: 0}
    - target: {fileID: 1577464493973302015, guid: 6cd8c1be80c0acf43848bd4ba93dd5ae,
        type: 3}
      propertyPath: m_LocalScale.z
      value: 0.5
      objectReference: {fileID: 0}
    - target: {fileID: 1577464493973302014, guid: 6cd8c1be80c0acf43848bd4ba93dd5ae,
        type: 3}
      propertyPath: ShapeModule.radius.value
      value: 0.2
      objectReference: {fileID: 0}
    - target: {fileID: 1577464493973302014, guid: 6cd8c1be80c0acf43848bd4ba93dd5ae,
        type: 3}
      propertyPath: VelocityModule.y.scalar
      value: -0.2
      objectReference: {fileID: 0}
    - target: {fileID: 1577464493973302014, guid: 6cd8c1be80c0acf43848bd4ba93dd5ae,
        type: 3}
      propertyPath: NoiseModule.frequency
      value: 0.0001
      objectReference: {fileID: 0}
    m_RemovedComponents: []
  m_SourcePrefab: {fileID: 100100000, guid: 6cd8c1be80c0acf43848bd4ba93dd5ae, type: 3}
--- !u!4 &1419494551898505162 stripped
Transform:
  m_CorrespondingSourceObject: {fileID: 1577464493973302015, guid: 6cd8c1be80c0acf43848bd4ba93dd5ae,
    type: 3}
  m_PrefabInstance: {fileID: 456914561041356085}
  m_PrefabAsset: {fileID: 0}
--- !u!1001 &8033639610810083066
PrefabInstance:
  m_ObjectHideFlags: 0
  serializedVersion: 2
  m_Modification:
    m_TransformParent: {fileID: 6144252561549726453}
    m_Modifications:
    - target: {fileID: 100000, guid: ab850dbb5923df1408da999cb98e6b7d, type: 3}
      propertyPath: m_Name
      value: warp
      objectReference: {fileID: 0}
    - target: {fileID: 100000, guid: ab850dbb5923df1408da999cb98e6b7d, type: 3}
      propertyPath: m_Layer
      value: 9
      objectReference: {fileID: 0}
    - target: {fileID: 100000, guid: ab850dbb5923df1408da999cb98e6b7d, type: 3}
      propertyPath: m_IsActive
      value: 1
      objectReference: {fileID: 0}
    - target: {fileID: 400000, guid: ab850dbb5923df1408da999cb98e6b7d, type: 3}
      propertyPath: m_LocalPosition.x
      value: 0
      objectReference: {fileID: 0}
    - target: {fileID: 400000, guid: ab850dbb5923df1408da999cb98e6b7d, type: 3}
      propertyPath: m_LocalPosition.y
      value: 0
      objectReference: {fileID: 0}
    - target: {fileID: 400000, guid: ab850dbb5923df1408da999cb98e6b7d, type: 3}
      propertyPath: m_LocalPosition.z
      value: -0.0063984296
      objectReference: {fileID: 0}
    - target: {fileID: 400000, guid: ab850dbb5923df1408da999cb98e6b7d, type: 3}
      propertyPath: m_LocalRotation.x
      value: 0.000000021855694
      objectReference: {fileID: 0}
    - target: {fileID: 400000, guid: ab850dbb5923df1408da999cb98e6b7d, type: 3}
      propertyPath: m_LocalRotation.y
      value: 0
      objectReference: {fileID: 0}
    - target: {fileID: 400000, guid: ab850dbb5923df1408da999cb98e6b7d, type: 3}
      propertyPath: m_LocalRotation.z
      value: -0
      objectReference: {fileID: 0}
    - target: {fileID: 400000, guid: ab850dbb5923df1408da999cb98e6b7d, type: 3}
      propertyPath: m_LocalRotation.w
      value: 1
      objectReference: {fileID: 0}
    - target: {fileID: 400000, guid: ab850dbb5923df1408da999cb98e6b7d, type: 3}
      propertyPath: m_RootOrder
      value: 2
      objectReference: {fileID: 0}
    - target: {fileID: 400000, guid: ab850dbb5923df1408da999cb98e6b7d, type: 3}
      propertyPath: m_LocalEulerAnglesHint.x
      value: 0
      objectReference: {fileID: 0}
    - target: {fileID: 400000, guid: ab850dbb5923df1408da999cb98e6b7d, type: 3}
      propertyPath: m_LocalEulerAnglesHint.y
      value: 0
      objectReference: {fileID: 0}
    - target: {fileID: 400000, guid: ab850dbb5923df1408da999cb98e6b7d, type: 3}
      propertyPath: m_LocalEulerAnglesHint.z
      value: 0
      objectReference: {fileID: 0}
    m_RemovedComponents: []
  m_SourcePrefab: {fileID: 100100000, guid: ab850dbb5923df1408da999cb98e6b7d, type: 3}
--- !u!1 &8033639610809983066 stripped
GameObject:
  m_CorrespondingSourceObject: {fileID: 100000, guid: ab850dbb5923df1408da999cb98e6b7d,
    type: 3}
  m_PrefabInstance: {fileID: 8033639610810083066}
  m_PrefabAsset: {fileID: 0}
--- !u!4 &8033639610809695354 stripped
Transform:
  m_CorrespondingSourceObject: {fileID: 400000, guid: ab850dbb5923df1408da999cb98e6b7d,
    type: 3}
  m_PrefabInstance: {fileID: 8033639610810083066}
  m_PrefabAsset: {fileID: 0}
