%YAML 1.1
%TAG !u! tag:unity3d.com,2011:
--- !u!1 &8017765790713709780
GameObject:
  m_ObjectHideFlags: 0
  m_CorrespondingSourceObject: {fileID: 0}
  m_PrefabInstance: {fileID: 0}
  m_PrefabAsset: {fileID: 0}
  serializedVersion: 6
  m_Component:
  - component: {fileID: 1515302149642529092}
  - component: {fileID: 7922973476307504128}
  - component: {fileID: 9022539947880713765}
  - component: {fileID: 4231156380239856102}
  m_Layer: 0
  m_Name: Bullet C_37
  m_TagString: Untagged
  m_Icon: {fileID: 0}
  m_NavMeshLayer: 0
  m_StaticEditorFlags: 0
  m_IsActive: 1
--- !u!4 &1515302149642529092
Transform:
  m_ObjectHideFlags: 0
  m_CorrespondingSourceObject: {fileID: 0}
  m_PrefabInstance: {fileID: 0}
  m_PrefabAsset: {fileID: 0}
  m_GameObject: {fileID: 8017765790713709780}
  m_LocalRotation: {x: 0, y: 0, z: 0, w: 1}
  m_LocalPosition: {x: 0, y: 0, z: 0}
  m_LocalScale: {x: 1, y: 1, z: 1}
  m_Children:
  - {fileID: 7364278513598410305}
  m_Father: {fileID: 0}
  m_RootOrder: 0
  m_LocalEulerAnglesHint: {x: 0, y: 0, z: 0}
--- !u!135 &7922973476307504128
SphereCollider:
  m_ObjectHideFlags: 0
  m_CorrespondingSourceObject: {fileID: 0}
  m_PrefabInstance: {fileID: 0}
  m_PrefabAsset: {fileID: 0}
  m_GameObject: {fileID: 8017765790713709780}
  m_Material: {fileID: 0}
  m_IsTrigger: 1
  m_Enabled: 1
  serializedVersion: 2
  m_Radius: 0.07
  m_Center: {x: 0, y: 0, z: 0}
--- !u!54 &9022539947880713765
Rigidbody:
  m_ObjectHideFlags: 0
  m_CorrespondingSourceObject: {fileID: 0}
  m_PrefabInstance: {fileID: 0}
  m_PrefabAsset: {fileID: 0}
  m_GameObject: {fileID: 8017765790713709780}
  serializedVersion: 2
  m_Mass: 1
  m_Drag: 0
  m_AngularDrag: 0.05
  m_UseGravity: 0
  m_IsKinematic: 0
  m_Interpolate: 0
  m_Constraints: 0
  m_CollisionDetection: 0
--- !u!114 &4231156380239856102
MonoBehaviour:
  m_ObjectHideFlags: 0
  m_CorrespondingSourceObject: {fileID: 0}
  m_PrefabInstance: {fileID: 0}
  m_PrefabAsset: {fileID: 0}
  m_GameObject: {fileID: 8017765790713709780}
  m_Enabled: 1
  m_EditorHideFlags: 0
  m_Script: {fileID: 11500000, guid: 7bea4af57164a7a4587edf16f81c692a, type: 3}
  m_Name: 
  m_EditorClassIdentifier: 
  stat: 0
  baseAtk: 170
  debuff:
    stat: 5
    statInstantMod: 0
    ricorrente: 0
    time: 0
    totDuration: 0
    modifier: 3
    permanent: 0
  doDebuff: 0
  techScaling: 0
  explosionFx: {fileID: 4358914911261262615, guid: bcc79572005921c41ad3b1558f757429,
    type: 3}
  radius: 3
--- !u!1001 &7364278513598543041
PrefabInstance:
  m_ObjectHideFlags: 0
  serializedVersion: 2
  m_Modification:
    m_TransformParent: {fileID: 1515302149642529092}
    m_Modifications:
    - target: {fileID: 400000, guid: 0abe019e0653e844da335522678ce33c, type: 3}
      propertyPath: m_LocalPosition.x
      value: 0
      objectReference: {fileID: 0}
    - target: {fileID: 400000, guid: 0abe019e0653e844da335522678ce33c, type: 3}
      propertyPath: m_LocalPosition.y
      value: -0.063
      objectReference: {fileID: 0}
    - target: {fileID: 400000, guid: 0abe019e0653e844da335522678ce33c, type: 3}
      propertyPath: m_LocalPosition.z
      value: 0
      objectReference: {fileID: 0}
    - target: {fileID: 400000, guid: 0abe019e0653e844da335522678ce33c, type: 3}
      propertyPath: m_LocalRotation.x
      value: -0.7071068
      objectReference: {fileID: 0}
    - target: {fileID: 400000, guid: 0abe019e0653e844da335522678ce33c, type: 3}
      propertyPath: m_LocalRotation.y
      value: 0
      objectReference: {fileID: 0}
    - target: {fileID: 400000, guid: 0abe019e0653e844da335522678ce33c, type: 3}
      propertyPath: m_LocalRotation.z
      value: -0
      objectReference: {fileID: 0}
    - target: {fileID: 400000, guid: 0abe019e0653e844da335522678ce33c, type: 3}
      propertyPath: m_LocalRotation.w
      value: 0.7071068
      objectReference: {fileID: 0}
    - target: {fileID: 400000, guid: 0abe019e0653e844da335522678ce33c, type: 3}
      propertyPath: m_RootOrder
      value: 0
      objectReference: {fileID: 0}
    - target: {fileID: 400000, guid: 0abe019e0653e844da335522678ce33c, type: 3}
      propertyPath: m_LocalEulerAnglesHint.x
      value: 0
      objectReference: {fileID: 0}
    - target: {fileID: 400000, guid: 0abe019e0653e844da335522678ce33c, type: 3}
      propertyPath: m_LocalEulerAnglesHint.y
      value: 0
      objectReference: {fileID: 0}
    - target: {fileID: 400000, guid: 0abe019e0653e844da335522678ce33c, type: 3}
      propertyPath: m_LocalEulerAnglesHint.z
      value: 0
      objectReference: {fileID: 0}
    - target: {fileID: 100000, guid: 0abe019e0653e844da335522678ce33c, type: 3}
      propertyPath: m_Name
      value: stun (1)
      objectReference: {fileID: 0}
    m_RemovedComponents: []
  m_SourcePrefab: {fileID: 100100000, guid: 0abe019e0653e844da335522678ce33c, type: 3}
--- !u!4 &7364278513598410305 stripped
Transform:
  m_CorrespondingSourceObject: {fileID: 400000, guid: 0abe019e0653e844da335522678ce33c,
    type: 3}
  m_PrefabInstance: {fileID: 7364278513598543041}
  m_PrefabAsset: {fileID: 0}
