%YAML 1.1
%TAG !u! tag:unity3d.com,2011:
--- !u!1 &2235161284551185437
GameObject:
  m_ObjectHideFlags: 0
  m_CorrespondingSourceObject: {fileID: 0}
  m_PrefabInstance: {fileID: 0}
  m_PrefabAsset: {fileID: 0}
  serializedVersion: 6
  m_Component:
  - component: {fileID: 3605601044091579545}
  - component: {fileID: 8849166878900023847}
  - component: {fileID: 1541932666852657163}
  - component: {fileID: 3996438562220177116}
  - component: {fileID: 2883173484507729922}
  - component: {fileID: 5181160030939100370}
  m_Layer: 0
  m_Name: JailerDevice
  m_TagString: Untagged
  m_Icon: {fileID: 0}
  m_NavMeshLayer: 0
  m_StaticEditorFlags: 0
  m_IsActive: 1
--- !u!4 &3605601044091579545
Transform:
  m_ObjectHideFlags: 0
  m_CorrespondingSourceObject: {fileID: 0}
  m_PrefabInstance: {fileID: 0}
  m_PrefabAsset: {fileID: 0}
  m_GameObject: {fileID: 2235161284551185437}
  m_LocalRotation: {x: -0, y: -0, z: -0, w: 1}
  m_LocalPosition: {x: 0, y: 0, z: 0}
  m_LocalScale: {x: 4.4387, y: 4.4387, z: 4.4387}
  m_Children:
  - {fileID: 5765592933724571747}
  m_Father: {fileID: 0}
  m_RootOrder: 0
  m_LocalEulerAnglesHint: {x: 0, y: 0, z: 0}
--- !u!54 &8849166878900023847
Rigidbody:
  m_ObjectHideFlags: 0
  m_CorrespondingSourceObject: {fileID: 0}
  m_PrefabInstance: {fileID: 0}
  m_PrefabAsset: {fileID: 0}
  m_GameObject: {fileID: 2235161284551185437}
  serializedVersion: 2
  m_Mass: 1
  m_Drag: 0
  m_AngularDrag: 0.05
  m_UseGravity: 1
  m_IsKinematic: 0
  m_Interpolate: 0
  m_Constraints: 112
  m_CollisionDetection: 1
--- !u!135 &1541932666852657163
SphereCollider:
  m_ObjectHideFlags: 0
  m_CorrespondingSourceObject: {fileID: 0}
  m_PrefabInstance: {fileID: 0}
  m_PrefabAsset: {fileID: 0}
  m_GameObject: {fileID: 2235161284551185437}
  m_Material: {fileID: 0}
  m_IsTrigger: 1
  m_Enabled: 1
  serializedVersion: 2
  m_Radius: 0.07
  m_Center: {x: 0, y: 0, z: 0}
--- !u!114 &3996438562220177116
MonoBehaviour:
  m_ObjectHideFlags: 0
  m_CorrespondingSourceObject: {fileID: 0}
  m_PrefabInstance: {fileID: 0}
  m_PrefabAsset: {fileID: 0}
  m_GameObject: {fileID: 2235161284551185437}
  m_Enabled: 1
  m_EditorHideFlags: 0
  m_Script: {fileID: 11500000, guid: 06ce26aa19c394f4593f19814d38ab40, type: 3}
  m_Name: 
  m_EditorClassIdentifier: 
  jailer: {fileID: 0}
  rb: {fileID: 0}
  speed: 0
  stunTime: 2
  angle: 45
  gravity: 9.8
  explosion: {fileID: 4358914911261262615, guid: bcc79572005921c41ad3b1558f757429,
    type: 3}
--- !u!114 &2883173484507729922
MonoBehaviour:
  m_ObjectHideFlags: 0
  m_CorrespondingSourceObject: {fileID: 0}
  m_PrefabInstance: {fileID: 0}
  m_PrefabAsset: {fileID: 0}
  m_GameObject: {fileID: 2235161284551185437}
  m_Enabled: 0
  m_EditorHideFlags: 0
  m_Script: {fileID: 11500000, guid: 7beb3526cf3f86f4fa07984811b1e8ce, type: 3}
  m_Name: 
  m_EditorClassIdentifier: 
  wpType: 0
  baseAtk: 0
  ownerStats: {fileID: 0}
  canDamage: 0
  enemyHitted: []
--- !u!114 &5181160030939100370
MonoBehaviour:
  m_ObjectHideFlags: 0
  m_CorrespondingSourceObject: {fileID: 0}
  m_PrefabInstance: {fileID: 0}
  m_PrefabAsset: {fileID: 0}
  m_GameObject: {fileID: 2235161284551185437}
  m_Enabled: 1
  m_EditorHideFlags: 0
  m_Script: {fileID: 11500000, guid: 9a6610d2e704f1648819acc8d7460285, type: 3}
  m_Name: 
  m_EditorClassIdentifier: 
  Event: event:/SFX/All_Enemies_Ranged_Attack
  PlayEvent: 1
  StopEvent: 2
  CollisionTag: 
  AllowFadeout: 1
  TriggerOnce: 0
  Preload: 0
  Params: []
  OverrideAttenuation: 0
  OverrideMinDistance: 0
  OverrideMaxDistance: 15
--- !u!1001 &5765592933724181219
PrefabInstance:
  m_ObjectHideFlags: 0
  serializedVersion: 2
  m_Modification:
    m_TransformParent: {fileID: 3605601044091579545}
    m_Modifications:
    - target: {fileID: 100000, guid: 0abe019e0653e844da335522678ce33c, type: 3}
      propertyPath: m_Name
      value: stun
      objectReference: {fileID: 0}
    - target: {fileID: 400000, guid: 0abe019e0653e844da335522678ce33c, type: 3}
      propertyPath: m_LocalPosition.x
      value: -0
      objectReference: {fileID: 0}
    - target: {fileID: 400000, guid: 0abe019e0653e844da335522678ce33c, type: 3}
      propertyPath: m_LocalPosition.y
      value: -0.065
      objectReference: {fileID: 0}
    - target: {fileID: 400000, guid: 0abe019e0653e844da335522678ce33c, type: 3}
      propertyPath: m_LocalPosition.z
      value: 0
      objectReference: {fileID: 0}
    - target: {fileID: 400000, guid: 0abe019e0653e844da335522678ce33c, type: 3}
      propertyPath: m_LocalRotation.x
      value: -0.7071068
      objectReference: {fileID: 0}
    - target: {fileID: 400000, guid: 0abe019e0653e844da335522678ce33c, type: 3}
      propertyPath: m_LocalRotation.y
      value: 0
      objectReference: {fileID: 0}
    - target: {fileID: 400000, guid: 0abe019e0653e844da335522678ce33c, type: 3}
      propertyPath: m_LocalRotation.z
      value: -0
      objectReference: {fileID: 0}
    - target: {fileID: 400000, guid: 0abe019e0653e844da335522678ce33c, type: 3}
      propertyPath: m_LocalRotation.w
      value: 0.7071068
      objectReference: {fileID: 0}
    - target: {fileID: 400000, guid: 0abe019e0653e844da335522678ce33c, type: 3}
      propertyPath: m_RootOrder
      value: 0
      objectReference: {fileID: 0}
    - target: {fileID: 400000, guid: 0abe019e0653e844da335522678ce33c, type: 3}
      propertyPath: m_LocalEulerAnglesHint.x
      value: 0
      objectReference: {fileID: 0}
    - target: {fileID: 400000, guid: 0abe019e0653e844da335522678ce33c, type: 3}
      propertyPath: m_LocalEulerAnglesHint.y
      value: 0
      objectReference: {fileID: 0}
    - target: {fileID: 400000, guid: 0abe019e0653e844da335522678ce33c, type: 3}
      propertyPath: m_LocalEulerAnglesHint.z
      value: 0
      objectReference: {fileID: 0}
    m_RemovedComponents: []
  m_SourcePrefab: {fileID: 100100000, guid: 0abe019e0653e844da335522678ce33c, type: 3}
--- !u!4 &5765592933724571747 stripped
Transform:
  m_CorrespondingSourceObject: {fileID: 400000, guid: 0abe019e0653e844da335522678ce33c,
    type: 3}
  m_PrefabInstance: {fileID: 5765592933724181219}
  m_PrefabAsset: {fileID: 0}
