%YAML 1.1
%TAG !u! tag:unity3d.com,2011:
--- !u!1 &1676613206460778093
GameObject:
  m_ObjectHideFlags: 0
  m_CorrespondingSourceObject: {fileID: 0}
  m_PrefabInstance: {fileID: 0}
  m_PrefabAsset: {fileID: 0}
  serializedVersion: 6
  m_Component:
  - component: {fileID: 3675411000004220325}
  m_Layer: 10
  m_Name: GameObject
  m_TagString: Untagged
  m_Icon: {fileID: 0}
  m_NavMeshLayer: 0
  m_StaticEditorFlags: 0
  m_IsActive: 1
--- !u!4 &3675411000004220325
Transform:
  m_ObjectHideFlags: 0
  m_CorrespondingSourceObject: {fileID: 0}
  m_PrefabInstance: {fileID: 0}
  m_PrefabAsset: {fileID: 0}
  m_GameObject: {fileID: 1676613206460778093}
  m_LocalRotation: {x: 0, y: 0, z: 0, w: 1}
  m_LocalPosition: {x: 0, y: 0, z: 0}
  m_LocalScale: {x: 1, y: 1, z: 1}
  m_Children: []
  m_Father: {fileID: 2081999742167088866}
  m_RootOrder: 1
  m_LocalEulerAnglesHint: {x: 0, y: 0, z: 0}
--- !u!1 &8153216181921907936
GameObject:
  m_ObjectHideFlags: 0
  m_CorrespondingSourceObject: {fileID: 0}
  m_PrefabInstance: {fileID: 0}
  m_PrefabAsset: {fileID: 0}
  serializedVersion: 6
  m_Component:
  - component: {fileID: 8153216181921880256}
  m_Layer: 0
  m_Name: turret 2 parts
  m_TagString: Untagged
  m_Icon: {fileID: 0}
  m_NavMeshLayer: 0
  m_StaticEditorFlags: 0
  m_IsActive: 1
--- !u!4 &8153216181921880256
Transform:
  m_ObjectHideFlags: 0
  m_CorrespondingSourceObject: {fileID: 0}
  m_PrefabInstance: {fileID: 0}
  m_PrefabAsset: {fileID: 0}
  m_GameObject: {fileID: 8153216181921907936}
  m_LocalRotation: {x: 0, y: 1, z: 0, w: 0}
  m_LocalPosition: {x: -0.389, y: 0.616, z: -0}
  m_LocalScale: {x: 1, y: 1, z: 1}
  m_Children:
  - {fileID: 8153216181921880260}
  - {fileID: 8153216181921880262}
  - {fileID: 8623362385666013632}
  - {fileID: 8563422584491108079}
  m_Father: {fileID: 2081999742167088866}
  m_RootOrder: 5
  m_LocalEulerAnglesHint: {x: 0, y: 180, z: 0}
--- !u!1 &8153216181921907940
GameObject:
  m_ObjectHideFlags: 0
  m_CorrespondingSourceObject: {fileID: 0}
  m_PrefabInstance: {fileID: 0}
  m_PrefabAsset: {fileID: 0}
  serializedVersion: 6
  m_Component:
  - component: {fileID: 8153216181921880260}
  - component: {fileID: 2869335141399069662}
  - component: {fileID: 9136974132047306976}
  m_Layer: 0
  m_Name: turret
  m_TagString: Untagged
  m_Icon: {fileID: 0}
  m_NavMeshLayer: 0
  m_StaticEditorFlags: 0
  m_IsActive: 1
--- !u!4 &8153216181921880260
Transform:
  m_ObjectHideFlags: 0
  m_CorrespondingSourceObject: {fileID: 0}
  m_PrefabInstance: {fileID: 0}
  m_PrefabAsset: {fileID: 0}
  m_GameObject: {fileID: 8153216181921907940}
  m_LocalRotation: {x: 0, y: 0, z: 0, w: 1}
  m_LocalPosition: {x: -0.07426821, y: -0.29022276, z: -0.004301895}
  m_LocalScale: {x: 1, y: 1, z: 1}
  m_Children: []
  m_Father: {fileID: 8153216181921880256}
  m_RootOrder: 0
  m_LocalEulerAnglesHint: {x: 0, y: 0, z: 0}
--- !u!137 &2869335141399069662
SkinnedMeshRenderer:
  m_ObjectHideFlags: 0
  m_CorrespondingSourceObject: {fileID: 0}
  m_PrefabInstance: {fileID: 0}
  m_PrefabAsset: {fileID: 0}
  m_GameObject: {fileID: 8153216181921907940}
  m_Enabled: 1
  m_CastShadows: 1
  m_ReceiveShadows: 1
  m_DynamicOccludee: 1
  m_MotionVectors: 1
  m_LightProbeUsage: 1
  m_ReflectionProbeUsage: 1
  m_RenderingLayerMask: 1
  m_RendererPriority: 0
  m_Materials:
  - {fileID: 2100000, guid: 480c6c6d5ad823c489b31dfd1076fdfd, type: 2}
  m_StaticBatchInfo:
    firstSubMesh: 0
    subMeshCount: 0
  m_StaticBatchRoot: {fileID: 0}
  m_ProbeAnchor: {fileID: 0}
  m_LightProbeVolumeOverride: {fileID: 0}
  m_ScaleInLightmap: 1
  m_PreserveUVs: 0
  m_IgnoreNormalsForChartDetection: 0
  m_ImportantGI: 0
  m_StitchLightmapSeams: 0
  m_SelectedEditorRenderState: 3
  m_MinimumChartSize: 4
  m_AutoUVMaxDistance: 0.5
  m_AutoUVMaxAngle: 89
  m_LightmapParameters: {fileID: 0}
  m_SortingLayerID: 0
  m_SortingLayer: 0
  m_SortingOrder: 0
  serializedVersion: 2
  m_Quality: 0
  m_UpdateWhenOffscreen: 0
  m_SkinnedMotionVectors: 1
  m_Mesh: {fileID: 4300002, guid: 51edf65a528a1b142b7ccf67f1c4c326, type: 3}
  m_Bones: []
  m_BlendShapeWeights: []
  m_RootBone: {fileID: 0}
  m_AABB:
    m_Center: {x: -0.37984142, y: 0.35772052, z: 0.15413478}
    m_Extent: {x: 0.5388586, y: 0.37017712, z: 0.28479323}
  m_DirtyAABB: 0
--- !u!33 &9136974132047306976
MeshFilter:
  m_ObjectHideFlags: 0
  m_CorrespondingSourceObject: {fileID: 0}
  m_PrefabInstance: {fileID: 0}
  m_PrefabAsset: {fileID: 0}
  m_GameObject: {fileID: 8153216181921907940}
  m_Mesh: {fileID: 4300002, guid: 51edf65a528a1b142b7ccf67f1c4c326, type: 3}
--- !u!1 &8153216181921907942
GameObject:
  m_ObjectHideFlags: 0
  m_CorrespondingSourceObject: {fileID: 0}
  m_PrefabInstance: {fileID: 0}
  m_PrefabAsset: {fileID: 0}
  serializedVersion: 6
  m_Component:
  - component: {fileID: 8153216181921880262}
  - component: {fileID: 6925588650568199520}
  - component: {fileID: 6752082026566288844}
  m_Layer: 0
  m_Name: TURRET
  m_TagString: Untagged
  m_Icon: {fileID: 0}
  m_NavMeshLayer: 0
  m_StaticEditorFlags: 0
  m_IsActive: 1
--- !u!4 &8153216181921880262
Transform:
  m_ObjectHideFlags: 0
  m_CorrespondingSourceObject: {fileID: 0}
  m_PrefabInstance: {fileID: 0}
  m_PrefabAsset: {fileID: 0}
  m_GameObject: {fileID: 8153216181921907942}
  m_LocalRotation: {x: 0.000000021855694, y: -0, z: -0, w: 1}
  m_LocalPosition: {x: -0, y: 0, z: 0}
  m_LocalScale: {x: 1, y: 1, z: 1}
  m_Children: []
  m_Father: {fileID: 8153216181921880256}
  m_RootOrder: 1
  m_LocalEulerAnglesHint: {x: 0, y: 0, z: 0}
--- !u!137 &6925588650568199520
SkinnedMeshRenderer:
  m_ObjectHideFlags: 0
  m_CorrespondingSourceObject: {fileID: 0}
  m_PrefabInstance: {fileID: 0}
  m_PrefabAsset: {fileID: 0}
  m_GameObject: {fileID: 8153216181921907942}
  m_Enabled: 1
  m_CastShadows: 1
  m_ReceiveShadows: 1
  m_DynamicOccludee: 1
  m_MotionVectors: 1
  m_LightProbeUsage: 1
  m_ReflectionProbeUsage: 1
  m_RenderingLayerMask: 1
  m_RendererPriority: 0
  m_Materials:
  - {fileID: 2100000, guid: 480c6c6d5ad823c489b31dfd1076fdfd, type: 2}
  m_StaticBatchInfo:
    firstSubMesh: 0
    subMeshCount: 0
  m_StaticBatchRoot: {fileID: 0}
  m_ProbeAnchor: {fileID: 0}
  m_LightProbeVolumeOverride: {fileID: 0}
  m_ScaleInLightmap: 1
  m_PreserveUVs: 0
  m_IgnoreNormalsForChartDetection: 0
  m_ImportantGI: 0
  m_StitchLightmapSeams: 0
  m_SelectedEditorRenderState: 3
  m_MinimumChartSize: 4
  m_AutoUVMaxDistance: 0.5
  m_AutoUVMaxAngle: 89
  m_LightmapParameters: {fileID: 0}
  m_SortingLayerID: 0
  m_SortingLayer: 0
  m_SortingOrder: 0
  serializedVersion: 2
  m_Quality: 0
  m_UpdateWhenOffscreen: 0
  m_SkinnedMotionVectors: 1
  m_Mesh: {fileID: 4300000, guid: 51edf65a528a1b142b7ccf67f1c4c326, type: 3}
  m_Bones: []
  m_BlendShapeWeights: []
  m_RootBone: {fileID: 0}
  m_AABB:
    m_Center: {x: -0.095175244, y: -0.5042718, z: -0.0031365529}
    m_Extent: {x: 0.2859295, y: 0.24285029, z: 0.15417325}
  m_DirtyAABB: 0
--- !u!33 &6752082026566288844
MeshFilter:
  m_ObjectHideFlags: 0
  m_CorrespondingSourceObject: {fileID: 0}
  m_PrefabInstance: {fileID: 0}
  m_PrefabAsset: {fileID: 0}
  m_GameObject: {fileID: 8153216181921907942}
  m_Mesh: {fileID: 4300000, guid: 51edf65a528a1b142b7ccf67f1c4c326, type: 3}
--- !u!1 &8660726076429033199
GameObject:
  m_ObjectHideFlags: 0
  m_CorrespondingSourceObject: {fileID: 0}
  m_PrefabInstance: {fileID: 0}
  m_PrefabAsset: {fileID: 0}
  serializedVersion: 6
  m_Component:
  - component: {fileID: 2081999742167088866}
  - component: {fileID: 6070419430210186078}
  - component: {fileID: 3180666388271712639}
  - component: {fileID: 6626726284277715942}
  - component: {fileID: 7616694461505821888}
  - component: {fileID: 7292584736552963947}
  - component: {fileID: 7804839009632889900}
  - component: {fileID: 1148192915121246540}
  - component: {fileID: 3092909489321365958}
  - component: {fileID: 8071596896386440102}
  m_Layer: 10
  m_Name: Turret
  m_TagString: Untagged
  m_Icon: {fileID: 0}
  m_NavMeshLayer: 0
  m_StaticEditorFlags: 0
  m_IsActive: 1
--- !u!4 &2081999742167088866
Transform:
  m_ObjectHideFlags: 0
  m_CorrespondingSourceObject: {fileID: 0}
  m_PrefabInstance: {fileID: 0}
  m_PrefabAsset: {fileID: 0}
  m_GameObject: {fileID: 8660726076429033199}
  m_LocalRotation: {x: 0, y: 0, z: 0, w: 1}
  m_LocalPosition: {x: 0, y: -0, z: 0}
  m_LocalScale: {x: 1, y: 1, z: 1}
  m_Children:
  - {fileID: 7997048842148675457}
  - {fileID: 3675411000004220325}
  - {fileID: 2851569084247149668}
  - {fileID: 7920752893533663267}
  - {fileID: 9054665818109527762}
  - {fileID: 8153216181921880256}
  m_Father: {fileID: 0}
  m_RootOrder: 0
  m_LocalEulerAnglesHint: {x: 0, y: 0, z: 0}
--- !u!95 &6070419430210186078
Animator:
  serializedVersion: 3
  m_ObjectHideFlags: 0
  m_CorrespondingSourceObject: {fileID: 0}
  m_PrefabInstance: {fileID: 0}
  m_PrefabAsset: {fileID: 0}
  m_GameObject: {fileID: 8660726076429033199}
  m_Enabled: 1
  m_Avatar: {fileID: 9000000, guid: ea0acb8922d521f4a8b7962747f0658d, type: 3}
  m_Controller: {fileID: 9100000, guid: 5a2d57ffc81dd474d83f0194023c879f, type: 2}
  m_CullingMode: 1
  m_UpdateMode: 0
  m_ApplyRootMotion: 0
  m_LinearVelocityBlending: 0
  m_WarningMessage: 
  m_HasTransformHierarchy: 1
  m_AllowConstantClipSamplingOptimization: 1
  m_KeepAnimatorControllerStateOnDisable: 0
--- !u!136 &3180666388271712639
CapsuleCollider:
  m_ObjectHideFlags: 0
  m_CorrespondingSourceObject: {fileID: 0}
  m_PrefabInstance: {fileID: 0}
  m_PrefabAsset: {fileID: 0}
  m_GameObject: {fileID: 8660726076429033199}
  m_Material: {fileID: 13400000, guid: 5c3e467e5d469fc459b64fa071b878b7, type: 2}
  m_IsTrigger: 0
  m_Enabled: 1
  m_Radius: 0.7736747
  m_Height: 1.5783458
  m_Direction: 1
  m_Center: {x: -0.02034384, y: 0.58060646, z: -0.036630034}
--- !u!54 &6626726284277715942
Rigidbody:
  m_ObjectHideFlags: 0
  m_CorrespondingSourceObject: {fileID: 0}
  m_PrefabInstance: {fileID: 0}
  m_PrefabAsset: {fileID: 0}
  m_GameObject: {fileID: 8660726076429033199}
  serializedVersion: 2
  m_Mass: 10
  m_Drag: 0
  m_AngularDrag: 0.05
  m_UseGravity: 0
  m_IsKinematic: 0
  m_Interpolate: 0
  m_Constraints: 126
  m_CollisionDetection: 3
--- !u!114 &7616694461505821888
MonoBehaviour:
  m_ObjectHideFlags: 0
  m_CorrespondingSourceObject: {fileID: 0}
  m_PrefabInstance: {fileID: 0}
  m_PrefabAsset: {fileID: 0}
  m_GameObject: {fileID: 8660726076429033199}
  m_Enabled: 1
  m_EditorHideFlags: 0
  m_Script: {fileID: 11500000, guid: 8ac18093c46b2df49865929f012a0671, type: 3}
  m_Name: 
  m_EditorClassIdentifier: 
  enemyStats: {fileID: 11400000, guid: b6e4a9743f6027c4594e31692e2c8574, type: 2}
  dropExperience: 150
  speed: 0
  patrolSpeed: 0
  attackRange: 0
  visionRange: 0
  maxAggroTime: 0
  loseAggroTimer: 0
  isInvulnerable: 0
  isChampion: 0
  greenLeak:
    stat: 0
    statInstantMod: 0
    ricorrente: 0
    time: 0
    totDuration: 0
    modifier: 0
    permanent: 0
  championType: 0
  weaponResistance: 100
  startNode: {fileID: 0}
  patrolStart: 0
  patrolEnd: 0
  patrolPosition: {fileID: 0}
  startPathNode: {fileID: 0}
  aStar: {fileID: 0}
  pathFollow: {fileID: 0}
  onFloor: 0
  canJump: 0
  onPatrolPosition: 1
  stun: 0
  locked: 0
  dropChance: 5
  rarityDropIncreaser: 0
  dropPref: {fileID: 5089578407588212836, guid: 0423fdf7e97e95a428da847e042f4fc8,
    type: 3}
  offsetDropY: 0.5
  weaponCollider: {fileID: 1676613206460778093}
  room: {fileID: 0}
  anim: {fileID: 0}
  rb: {fileID: 0}
  player: {fileID: 0}
  state: 1
  deadTime: 0
  mod:
  - {fileID: 8153216181921907940}
  - {fileID: 8153216181921907942}
  mat:
  - {fileID: 2100000, guid: 480c6c6d5ad823c489b31dfd1076fdfd, type: 2}
  - {fileID: 2100000, guid: 64d15e8c1de57e944a9a0da4135b9c19, type: 2}
  spawnEffect: {fileID: 0}
  deathFx: {fileID: 8623362385666013635}
  auraFx: {fileID: 8563422584491108078}
  bullet: {fileID: 4183348791661489936, guid: 8aba0e61c9938fb4ca65775ef674351a, type: 3}
  bulletSpeed: 15
  offsetBulletSpawn: {x: 1.2, y: 0.8, z: 0}
  attackDelay: 1
  rotationDelay: 0.5
  cooldownAttack: 0
  canAttack: 1
  attackFinished: 1
  chargeFx: {fileID: 8814523268830462056, guid: 550124659766d174787db03c4561bd60,
    type: 3}
--- !u!114 &7292584736552963947
MonoBehaviour:
  m_ObjectHideFlags: 0
  m_CorrespondingSourceObject: {fileID: 0}
  m_PrefabInstance: {fileID: 0}
  m_PrefabAsset: {fileID: 0}
  m_GameObject: {fileID: 8660726076429033199}
  m_Enabled: 1
  m_EditorHideFlags: 0
  m_Script: {fileID: 11500000, guid: 9ef735ed48869dd4ba4659efcfa40294, type: 3}
  m_Name: 
  m_EditorClassIdentifier: 
  myStates: 
  weaponCollision: 0
  wpCollider: {fileID: 0}
  hitFx: {fileID: 6387675067388285533, guid: 8e5a02f617110484c8e392b10953d5dd, type: 3}
  damageText: {fileID: 6899909956664232101, guid: 9a1a4f344e9e8b94897e52da1a43ced5,
    type: 3}
--- !u!114 &7804839009632889900
MonoBehaviour:
  m_ObjectHideFlags: 0
  m_CorrespondingSourceObject: {fileID: 0}
  m_PrefabInstance: {fileID: 0}
  m_PrefabAsset: {fileID: 0}
  m_GameObject: {fileID: 8660726076429033199}
  m_Enabled: 1
  m_EditorHideFlags: 0
  m_Script: {fileID: 11500000, guid: fd029a35aa46c6046b9f47b529053b35, type: 3}
  m_Name: 
  m_EditorClassIdentifier: 
  tickAStar: 0.5
  stunTime: 0
  lockTime: 0
  cannon: {fileID: 8153216181921907940}
--- !u!114 &1148192915121246540
MonoBehaviour:
  m_ObjectHideFlags: 0
  m_CorrespondingSourceObject: {fileID: 0}
  m_PrefabInstance: {fileID: 0}
  m_PrefabAsset: {fileID: 0}
  m_GameObject: {fileID: 8660726076429033199}
  m_Enabled: 1
  m_EditorHideFlags: 0
  m_Script: {fileID: 11500000, guid: ba49553b2404d81498ce58ff36942163, type: 3}
  m_Name: 
  m_EditorClassIdentifier: 
  identity: 0
  debuffPrefab: {fileID: 0}
  debuffTimeIncreaser: 0
  baseStrength: 1
  baseIntellect: 1
  baseAgility: 1
  baseNeuralHealth: 1
  baseLuck: 1
  baseNeuralResistence: 1
  baseAbility: 1
  baseDefense: 35
  luckIncreasePerLevel: 0
  level: 1
  exp: 0
  playerNode: {fileID: 0}
  bodyMesh: {fileID: 2869335141399069662}
  bodyMaterial: {fileID: 2100000, guid: 480c6c6d5ad823c489b31dfd1076fdfd, type: 2}
  hitMaterial: {fileID: 2100000, guid: 25c51dec4c58b4b4db5b46fc2e59812b, type: 2}
  stunMaterial: {fileID: 0}
  currentHealth: 0
  bonusStrength: 0
  bonusIntellect: 0
  bonusAgility: 0
  bonusAbility: 0
  bonusNeuralHealth: 0
  bonusLuck: 0
  bonusNeuralResistence: 0
  skillPoints: 10
  attributePoints: 0
  totalHp: 0
  healthFx: {fileID: 0}
  agilityStrenghtValues:
  - Bab: 1
    scaling: 0
  - Bab: 2.5
    scaling: 0
  - Bab: 2.47
    scaling: 0
  - Bab: 2.44
    scaling: 0
  - Bab: 2.41
    scaling: 5
  - Bab: 2.38
    scaling: 5
  - Bab: 2.35
    scaling: 5
  - Bab: 2.32
    scaling: 5
  - Bab: 2.29
    scaling: 5
  - Bab: 2.26
    scaling: 5
  - Bab: 2.23
    scaling: 5
  - Bab: 2.2
    scaling: 5
  - Bab: 2.17
    scaling: 5
  - Bab: 2.14
    scaling: 5
  - Bab: 2.11
    scaling: 10
  - Bab: 2.08
    scaling: 10
  - Bab: 2.05
    scaling: 10
  - Bab: 2.02
    scaling: 10
  - Bab: 1.99
    scaling: 10
  - Bab: 1.96
    scaling: 10
  - Bab: 1.93
    scaling: 10
  - Bab: 1.9
    scaling: 10
  - Bab: 1.87
    scaling: 10
  - Bab: 1.84
    scaling: 10
  - Bab: 1.81
    scaling: 25
  - Bab: 1.78
    scaling: 25
  - Bab: 1.75
    scaling: 25
  - Bab: 1.72
    scaling: 25
  - Bab: 1.69
    scaling: 25
  - Bab: 1.66
    scaling: 25
  - Bab: 1.63
    scaling: 25
  - Bab: 1.6
    scaling: 25
  - Bab: 1.57
    scaling: 25
  - Bab: 1.54
    scaling: 25
  - Bab: 1.51
    scaling: 25
  - Bab: 1.48
    scaling: 50
  - Bab: 1.45
    scaling: 50
  - Bab: 1.42
    scaling: 50
  - Bab: 1.39
    scaling: 50
  - Bab: 1.36
    scaling: 50
  - Bab: 1.33
    scaling: 50
  - Bab: 1.3
    scaling: 50
  - Bab: 1.27
    scaling: 50
  - Bab: 1.24
    scaling: 50
  - Bab: 1.21
    scaling: 50
  - Bab: 1.18
    scaling: 50
  - Bab: 1.15
    scaling: 50
  - Bab: 1.12
    scaling: 50
  - Bab: 1.09
    scaling: 50
  - Bab: 1.06
    scaling: 50
  - Bab: 1.03
    scaling: 75
  - Bab: 1
    scaling: 75
  - Bab: 0.97
    scaling: 75
  - Bab: 0.94
    scaling: 75
  - Bab: 0.91
    scaling: 75
  - Bab: 0.88
    scaling: 75
  - Bab: 0.85
    scaling: 75
  - Bab: 0.82
    scaling: 75
  - Bab: 0.79
    scaling: 75
  - Bab: 0.76
    scaling: 75
  - Bab: 0.73
    scaling: 75
  - Bab: 0.7
    scaling: 75
  - Bab: 0.67
    scaling: 75
  - Bab: 0.64
    scaling: 75
  - Bab: 0.61
    scaling: 75
  - Bab: 0.58
    scaling: 75
  - Bab: 0.55
    scaling: 75
  - Bab: 0.52
    scaling: 75
  - Bab: 0.49
    scaling: 75
  - Bab: 0.46
    scaling: 75
  - Bab: 0.43
    scaling: 100
  - Bab: 0.4
    scaling: 100
  - Bab: 0.37
    scaling: 100
  - Bab: 0.34
    scaling: 100
  - Bab: 0.31
    scaling: 100
  - Bab: 0.28
    scaling: 100
  - Bab: 0.25
    scaling: 100
  - Bab: 0.22
    scaling: 100
  - Bab: 0.19
    scaling: 100
  - Bab: 0.16
    scaling: 100
  - Bab: 0.13
    scaling: 100
  - Bab: 0.12
    scaling: 100
  - Bab: 0.11
    scaling: 100
  - Bab: 0.1
    scaling: 100
  - Bab: 0.09
    scaling: 100
  - Bab: 0.08
    scaling: 100
  - Bab: 0.07
    scaling: 100
  - Bab: 0.06
    scaling: 100
  - Bab: 0.05
    scaling: 100
  - Bab: 0.04
    scaling: 100
  - Bab: 0.03
    scaling: 100
  - Bab: 0.02
    scaling: 100
  - Bab: 0.01
    scaling: 100
  - Bab: 0
    scaling: 100
  - Bab: 0
    scaling: 100
  - Bab: 0
    scaling: 100
  - Bab: 0
    scaling: 100
  - Bab: 0
    scaling: 100
  - Bab: 0
    scaling: 100
  - Bab: 0
    scaling: 100
  techBabValues: []
  intellectValues: []
  hpValues:
  - 500
  - 515
  - 533
  - 551
  - 571
  - 590
  - 611
  - 631
  - 652
  - 673
  - 694
  - 716
  - 738
  - 759
  - 782
  - 798
  - 819
  - 842
  - 867
  - 893
  - 921
  - 949
  - 978
  - 1008
  - 1038
  - 1070
  - 1101
  - 1134
  - 1166
  - 1200
  - 1223
  - 1247
  - 1270
  - 1293
  - 1316
  - 1339
  - 1361
  - 1383
  - 1404
  - 1425
  - 1446
  - 1466
  - 1486
  - 1505
  - 1524
  - 1542
  - 1558
  - 1574
  - 1589
  - 1600
  - 1608
  - 1617
  - 1626
  - 1635
  - 1644
  - 1653
  - 1662
  - 1671
  - 1680
  - 1688
  - 1697
  - 1706
  - 1715
  - 1723
  - 1732
  - 1741
  - 1749
  - 1758
  - 1766
  - 1775
  - 1783
  - 1792
  - 1800
  - 1809
  - 1817
  - 1825
  - 1834
  - 1842
  - 1850
  - 1858
  - 1867
  - 1875
  - 1883
  - 1891
  - 1899
  - 1907
  - 1914
  - 1922
  - 1930
  - 1937
  - 1945
  - 1952
  - 1960
  - 1967
  - 1974
  - 1981
  - 1988
  - 1994
  - 2000
  - 2000
  defenseValues:
  - 0
  - 2.5
  - 2.47
  - 2.44
  - 2.41
  - 2.38
  - 2.35
  - 2.32
  - 2.29
  - 2.26
  - 2.23
  - 2.2
  - 2.17
  - 2.14
  - 2.11
  - 2.08
  - 2.05
  - 2.02
  - 1.99
  - 1.96
  - 1.93
  - 1.9
  - 1.87
  - 1.84
  - 1.81
  - 1.78
  - 1.75
  - 1.72
  - 1.69
  - 1.66
  - 1.63
  - 1.6
  - 1.57
  - 1.54
  - 1.51
  - 1.48
  - 1.45
  - 1.42
  - 1.39
  - 1.36
  - 1.33
  - 1.3
  - 1.27
  - 1.24
  - 1.21
  - 1.18
  - 1.15
  - 1.12
  - 1.09
  - 1.06
  - 1.03
  - 1
  - 0.97
  - 0.94
  - 0.91
  - 0.88
  - 0.85
  - 0.82
  - 0.79
  - 0.76
  - 0.73
  - 0.7
  - 0.67
  - 0.64
  - 0.61
  - 0.58
  - 0.55
  - 0.52
  - 0.49
  - 0.46
  - 0.43
  - 0.4
  - 0.37
  - 0.34
  - 0.31
  - 0.28
  - 0.25
  - 0.22
  - 0.19
  - 0.16
  - 0.13
  - 0.12
  - 0.11
  - 0.1
  - 0.09
  - 0.08
  - 0.07
  - 0.06
  - 0.05
  - 0.04
  - 0.03
  - 0.02
  - 0.01
  - 0
  - 0
  - 0
  - 0
  - 0
  - 0
  - 0
  levelValues:
  - pointsNeeded: 0
    increaseStrenght: 0
    increaseIntellect: 0
    increaseAgility: 0
    increaseLuck: 0
    increaseNeuralHealth: 0
    increaseNeuralResistence: 0
    increaseStatsManageable: 0
    increaseAbilityPoints: 0
    katanaScaling: 0
  - pointsNeeded: 1000
    increaseStrenght: 0
    increaseIntellect: 0
    increaseAgility: 0
    increaseLuck: 0
    increaseNeuralHealth: 0
    increaseNeuralResistence: 0
    increaseStatsManageable: 0
    increaseAbilityPoints: 2
    katanaScaling: 10
  - pointsNeeded: 3000
    increaseStrenght: 0
    increaseIntellect: 0
    increaseAgility: 0
    increaseLuck: 0
    increaseNeuralHealth: 0
    increaseNeuralResistence: 0
    increaseStatsManageable: 0
    increaseAbilityPoints: 2
    katanaScaling: 5
  - pointsNeeded: 6000
    increaseStrenght: 0
    increaseIntellect: 0
    increaseAgility: 0
    increaseLuck: 0
    increaseNeuralHealth: 0
    increaseNeuralResistence: 0
    increaseStatsManageable: 0
    increaseAbilityPoints: 2
    katanaScaling: 5
  - pointsNeeded: 10000
    increaseStrenght: 0
    increaseIntellect: 0
    increaseAgility: 0
    increaseLuck: 0
    increaseNeuralHealth: 0
    increaseNeuralResistence: 0
    increaseStatsManageable: 0
    increaseAbilityPoints: 2
    katanaScaling: 5
  - pointsNeeded: 15000
    increaseStrenght: 0
    increaseIntellect: 0
    increaseAgility: 0
    increaseLuck: 0
    increaseNeuralHealth: 0
    increaseNeuralResistence: 0
    increaseStatsManageable: 0
    increaseAbilityPoints: 2
    katanaScaling: 5
  - pointsNeeded: 21000
    increaseStrenght: 0
    increaseIntellect: 0
    increaseAgility: 0
    increaseLuck: 0
    increaseNeuralHealth: 0
    increaseNeuralResistence: 0
    increaseStatsManageable: 0
    increaseAbilityPoints: 2
    katanaScaling: 5
  - pointsNeeded: 28000
    increaseStrenght: 0
    increaseIntellect: 0
    increaseAgility: 0
    increaseLuck: 0
    increaseNeuralHealth: 0
    increaseNeuralResistence: 0
    increaseStatsManageable: 0
    increaseAbilityPoints: 2
    katanaScaling: 5
  - pointsNeeded: 36000
    increaseStrenght: 0
    increaseIntellect: 0
    increaseAgility: 0
    increaseLuck: 0
    increaseNeuralHealth: 0
    increaseNeuralResistence: 0
    increaseStatsManageable: 0
    increaseAbilityPoints: 2
    katanaScaling: 5
  - pointsNeeded: 45000
    increaseStrenght: 0
    increaseIntellect: 0
    increaseAgility: 0
    increaseLuck: 0
    increaseNeuralHealth: 0
    increaseNeuralResistence: 0
    increaseStatsManageable: 0
    increaseAbilityPoints: 2
    katanaScaling: 5
  - pointsNeeded: 55000
    increaseStrenght: 0
    increaseIntellect: 0
    increaseAgility: 0
    increaseLuck: 0
    increaseNeuralHealth: 0
    increaseNeuralResistence: 0
    increaseStatsManageable: 0
    increaseAbilityPoints: 2
    katanaScaling: 5
  - pointsNeeded: 66000
    increaseStrenght: 0
    increaseIntellect: 0
    increaseAgility: 0
    increaseLuck: 0
    increaseNeuralHealth: 0
    increaseNeuralResistence: 0
    increaseStatsManageable: 0
    increaseAbilityPoints: 2
    katanaScaling: 5
  - pointsNeeded: 78000
    increaseStrenght: 0
    increaseIntellect: 0
    increaseAgility: 0
    increaseLuck: 0
    increaseNeuralHealth: 0
    increaseNeuralResistence: 0
    increaseStatsManageable: 0
    increaseAbilityPoints: 2
    katanaScaling: 5
  - pointsNeeded: 91000
    increaseStrenght: 0
    increaseIntellect: 0
    increaseAgility: 0
    increaseLuck: 0
    increaseNeuralHealth: 0
    increaseNeuralResistence: 0
    increaseStatsManageable: 0
    increaseAbilityPoints: 2
    katanaScaling: 5
  - pointsNeeded: 105000
    increaseStrenght: 0
    increaseIntellect: 0
    increaseAgility: 0
    increaseLuck: 0
    increaseNeuralHealth: 0
    increaseNeuralResistence: 0
    increaseStatsManageable: 0
    increaseAbilityPoints: 4
    katanaScaling: 10
  - pointsNeeded: 120000
    increaseStrenght: 0
    increaseIntellect: 0
    increaseAgility: 0
    increaseLuck: 0
    increaseNeuralHealth: 0
    increaseNeuralResistence: 0
    increaseStatsManageable: 0
    increaseAbilityPoints: 4
    katanaScaling: 10
  - pointsNeeded: 136000
    increaseStrenght: 0
    increaseIntellect: 0
    increaseAgility: 0
    increaseLuck: 0
    increaseNeuralHealth: 0
    increaseNeuralResistence: 0
    increaseStatsManageable: 0
    increaseAbilityPoints: 4
    katanaScaling: 10
  - pointsNeeded: 153000
    increaseStrenght: 0
    increaseIntellect: 0
    increaseAgility: 0
    increaseLuck: 0
    increaseNeuralHealth: 0
    increaseNeuralResistence: 0
    increaseStatsManageable: 0
    increaseAbilityPoints: 4
    katanaScaling: 10
  - pointsNeeded: 171000
    increaseStrenght: 0
    increaseIntellect: 0
    increaseAgility: 0
    increaseLuck: 0
    increaseNeuralHealth: 0
    increaseNeuralResistence: 0
    increaseStatsManageable: 0
    increaseAbilityPoints: 4
    katanaScaling: 10
  - pointsNeeded: 190000
    increaseStrenght: 0
    increaseIntellect: 0
    increaseAgility: 0
    increaseLuck: 0
    increaseNeuralHealth: 0
    increaseNeuralResistence: 0
    increaseStatsManageable: 0
    increaseAbilityPoints: 4
    katanaScaling: 10
  - pointsNeeded: 210000
    increaseStrenght: 0
    increaseIntellect: 0
    increaseAgility: 0
    increaseLuck: 0
    increaseNeuralHealth: 0
    increaseNeuralResistence: 0
    increaseStatsManageable: 0
    increaseAbilityPoints: 4
    katanaScaling: 10
  - pointsNeeded: 231000
    increaseStrenght: 0
    increaseIntellect: 0
    increaseAgility: 0
    increaseLuck: 0
    increaseNeuralHealth: 0
    increaseNeuralResistence: 0
    increaseStatsManageable: 0
    increaseAbilityPoints: 4
    katanaScaling: 10
  - pointsNeeded: 253000
    increaseStrenght: 0
    increaseIntellect: 0
    increaseAgility: 0
    increaseLuck: 0
    increaseNeuralHealth: 0
    increaseNeuralResistence: 0
    increaseStatsManageable: 0
    increaseAbilityPoints: 4
    katanaScaling: 10
  - pointsNeeded: 276000
    increaseStrenght: 0
    increaseIntellect: 0
    increaseAgility: 0
    increaseLuck: 0
    increaseNeuralHealth: 0
    increaseNeuralResistence: 0
    increaseStatsManageable: 0
    increaseAbilityPoints: 4
    katanaScaling: 10
  - pointsNeeded: 300000
    increaseStrenght: 0
    increaseIntellect: 0
    increaseAgility: 0
    increaseLuck: 0
    increaseNeuralHealth: 0
    increaseNeuralResistence: 0
    increaseStatsManageable: 0
    increaseAbilityPoints: 6
    katanaScaling: 25
  - pointsNeeded: 325000
    increaseStrenght: 0
    increaseIntellect: 0
    increaseAgility: 0
    increaseLuck: 0
    increaseNeuralHealth: 0
    increaseNeuralResistence: 0
    increaseStatsManageable: 0
    increaseAbilityPoints: 6
    katanaScaling: 25
  - pointsNeeded: 351000
    increaseStrenght: 0
    increaseIntellect: 0
    increaseAgility: 0
    increaseLuck: 0
    increaseNeuralHealth: 0
    increaseNeuralResistence: 0
    increaseStatsManageable: 0
    increaseAbilityPoints: 6
    katanaScaling: 25
  - pointsNeeded: 378000
    increaseStrenght: 0
    increaseIntellect: 0
    increaseAgility: 0
    increaseLuck: 0
    increaseNeuralHealth: 0
    increaseNeuralResistence: 0
    increaseStatsManageable: 0
    increaseAbilityPoints: 6
    katanaScaling: 25
  - pointsNeeded: 406000
    increaseStrenght: 0
    increaseIntellect: 0
    increaseAgility: 0
    increaseLuck: 0
    increaseNeuralHealth: 0
    increaseNeuralResistence: 0
    increaseStatsManageable: 0
    increaseAbilityPoints: 6
    katanaScaling: 25
  - pointsNeeded: 435000
    increaseStrenght: 0
    increaseIntellect: 0
    increaseAgility: 0
    increaseLuck: 0
    increaseNeuralHealth: 0
    increaseNeuralResistence: 0
    increaseStatsManageable: 0
    increaseAbilityPoints: 6
    katanaScaling: 25
  - pointsNeeded: 465000
    increaseStrenght: 0
    increaseIntellect: 0
    increaseAgility: 0
    increaseLuck: 0
    increaseNeuralHealth: 0
    increaseNeuralResistence: 0
    increaseStatsManageable: 0
    increaseAbilityPoints: 6
    katanaScaling: 25
  - pointsNeeded: 496000
    increaseStrenght: 0
    increaseIntellect: 0
    increaseAgility: 0
    increaseLuck: 0
    increaseNeuralHealth: 0
    increaseNeuralResistence: 0
    increaseStatsManageable: 0
    increaseAbilityPoints: 6
    katanaScaling: 25
  - pointsNeeded: 528000
    increaseStrenght: 0
    increaseIntellect: 0
    increaseAgility: 0
    increaseLuck: 0
    increaseNeuralHealth: 0
    increaseNeuralResistence: 0
    increaseStatsManageable: 0
    increaseAbilityPoints: 6
    katanaScaling: 25
  - pointsNeeded: 561000
    increaseStrenght: 0
    increaseIntellect: 0
    increaseAgility: 0
    increaseLuck: 0
    increaseNeuralHealth: 0
    increaseNeuralResistence: 0
    increaseStatsManageable: 0
    increaseAbilityPoints: 6
    katanaScaling: 25
  - pointsNeeded: 595000
    increaseStrenght: 0
    increaseIntellect: 0
    increaseAgility: 0
    increaseLuck: 0
    increaseNeuralHealth: 0
    increaseNeuralResistence: 0
    increaseStatsManageable: 0
    increaseAbilityPoints: 8
    katanaScaling: 50
  - pointsNeeded: 630000
    increaseStrenght: 0
    increaseIntellect: 0
    increaseAgility: 0
    increaseLuck: 0
    increaseNeuralHealth: 0
    increaseNeuralResistence: 0
    increaseStatsManageable: 0
    increaseAbilityPoints: 8
    katanaScaling: 50
  - pointsNeeded: 666000
    increaseStrenght: 0
    increaseIntellect: 0
    increaseAgility: 0
    increaseLuck: 0
    increaseNeuralHealth: 0
    increaseNeuralResistence: 0
    increaseStatsManageable: 0
    increaseAbilityPoints: 8
    katanaScaling: 50
  - pointsNeeded: 703000
    increaseStrenght: 0
    increaseIntellect: 0
    increaseAgility: 0
    increaseLuck: 0
    increaseNeuralHealth: 0
    increaseNeuralResistence: 0
    increaseStatsManageable: 0
    increaseAbilityPoints: 8
    katanaScaling: 50
  - pointsNeeded: 741000
    increaseStrenght: 0
    increaseIntellect: 0
    increaseAgility: 0
    increaseLuck: 0
    increaseNeuralHealth: 0
    increaseNeuralResistence: 0
    increaseStatsManageable: 0
    increaseAbilityPoints: 8
    katanaScaling: 50
  - pointsNeeded: 780000
    increaseStrenght: 0
    increaseIntellect: 0
    increaseAgility: 0
    increaseLuck: 0
    increaseNeuralHealth: 0
    increaseNeuralResistence: 0
    increaseStatsManageable: 0
    increaseAbilityPoints: 8
    katanaScaling: 50
  - pointsNeeded: 820000
    increaseStrenght: 0
    increaseIntellect: 0
    increaseAgility: 0
    increaseLuck: 0
    increaseNeuralHealth: 0
    increaseNeuralResistence: 0
    increaseStatsManageable: 0
    increaseAbilityPoints: 8
    katanaScaling: 50
  - pointsNeeded: 861000
    increaseStrenght: 0
    increaseIntellect: 0
    increaseAgility: 0
    increaseLuck: 0
    increaseNeuralHealth: 0
    increaseNeuralResistence: 0
    increaseStatsManageable: 0
    increaseAbilityPoints: 8
    katanaScaling: 50
  - pointsNeeded: 903000
    increaseStrenght: 0
    increaseIntellect: 0
    increaseAgility: 0
    increaseLuck: 0
    increaseNeuralHealth: 0
    increaseNeuralResistence: 0
    increaseStatsManageable: 0
    increaseAbilityPoints: 8
    katanaScaling: 50
  - pointsNeeded: 946000
    increaseStrenght: 0
    increaseIntellect: 0
    increaseAgility: 0
    increaseLuck: 0
    increaseNeuralHealth: 0
    increaseNeuralResistence: 0
    increaseStatsManageable: 0
    increaseAbilityPoints: 8
    katanaScaling: 50
  - pointsNeeded: 990000
    increaseStrenght: 0
    increaseIntellect: 0
    increaseAgility: 0
    increaseLuck: 0
    increaseNeuralHealth: 0
    increaseNeuralResistence: 0
    increaseStatsManageable: 0
    increaseAbilityPoints: 8
    katanaScaling: 75
  - pointsNeeded: 1035000
    increaseStrenght: 0
    increaseIntellect: 0
    increaseAgility: 0
    increaseLuck: 0
    increaseNeuralHealth: 0
    increaseNeuralResistence: 0
    increaseStatsManageable: 0
    increaseAbilityPoints: 8
    katanaScaling: 75
  - pointsNeeded: 1081000
    increaseStrenght: 0
    increaseIntellect: 0
    increaseAgility: 0
    increaseLuck: 0
    increaseNeuralHealth: 0
    increaseNeuralResistence: 0
    increaseStatsManageable: 0
    increaseAbilityPoints: 8
    katanaScaling: 75
  - pointsNeeded: 1128000
    increaseStrenght: 0
    increaseIntellect: 0
    increaseAgility: 0
    increaseLuck: 0
    increaseNeuralHealth: 0
    increaseNeuralResistence: 0
    increaseStatsManageable: 0
    increaseAbilityPoints: 8
    katanaScaling: 75
  - pointsNeeded: 1176000
    increaseStrenght: 0
    increaseIntellect: 0
    increaseAgility: 0
    increaseLuck: 0
    increaseNeuralHealth: 0
    increaseNeuralResistence: 0
    increaseStatsManageable: 0
    increaseAbilityPoints: 8
    katanaScaling: 75
  - pointsNeeded: 1225000
    increaseStrenght: 0
    increaseIntellect: 0
    increaseAgility: 0
    increaseLuck: 0
    increaseNeuralHealth: 0
    increaseNeuralResistence: 0
    increaseStatsManageable: 0
    increaseAbilityPoints: 10
    katanaScaling: 100
  levelUpFx: {fileID: 0}
--- !u!114 &3092909489321365958
MonoBehaviour:
  m_ObjectHideFlags: 0
  m_CorrespondingSourceObject: {fileID: 0}
  m_PrefabInstance: {fileID: 0}
  m_PrefabAsset: {fileID: 0}
  m_GameObject: {fileID: 8660726076429033199}
  m_Enabled: 1
  m_EditorHideFlags: 0
  m_Script: {fileID: 11500000, guid: f1e6a3abb22a6fa43873e1d72e76aef6, type: 3}
  m_Name: 
  m_EditorClassIdentifier: 
  dataToGet: {fileID: 4900000, guid: 80db6d2f32890ca4da411faf0f13d18b, type: 3}
  enemyLevel: 7
  manualLevel: 0
  xpPerLevel: 35
  enemyValues: []
--- !u!114 &8071596896386440102
MonoBehaviour:
  m_ObjectHideFlags: 0
  m_CorrespondingSourceObject: {fileID: 0}
  m_PrefabInstance: {fileID: 0}
  m_PrefabAsset: {fileID: 0}
  m_GameObject: {fileID: 8660726076429033199}
  m_Enabled: 0
  m_EditorHideFlags: 0
  m_Script: {fileID: 11500000, guid: c27cc43b25ace3646ae042a85dd7c9ff, type: 3}
  m_Name: 
  m_EditorClassIdentifier: 
  spawnEffectTime: 4
  pause: 1
  fadeIn:
    serializedVersion: 2
    m_Curve:
    - serializedVersion: 3
      time: 0
      value: 0
      inSlope: 0
      outSlope: 0
      tangentMode: 0
      weightedMode: 0
      inWeight: 0
      outWeight: 0
    - serializedVersion: 3
      time: 1
      value: 1
      inSlope: 0
      outSlope: 0
      tangentMode: 0
      weightedMode: 0
      inWeight: 0
      outWeight: 0
    m_PreInfinity: 2
    m_PostInfinity: 2
    m_RotationOrder: 4
  ps: {fileID: 0}
  _renderer: {fileID: 2869335141399069662}
  done: 0
--- !u!1 &8679054404514917139
GameObject:
  m_ObjectHideFlags: 0
  m_CorrespondingSourceObject: {fileID: 0}
  m_PrefabInstance: {fileID: 0}
  m_PrefabAsset: {fileID: 0}
  serializedVersion: 6
  m_Component:
  - component: {fileID: 7997048842148675457}
  - component: {fileID: 6209421824743721893}
  - component: {fileID: 2010902263791356031}
  m_Layer: 10
  m_Name: Capsule
  m_TagString: Untagged
  m_Icon: {fileID: 0}
  m_NavMeshLayer: 0
  m_StaticEditorFlags: 0
  m_IsActive: 0
--- !u!4 &7997048842148675457
Transform:
  m_ObjectHideFlags: 0
  m_CorrespondingSourceObject: {fileID: 0}
  m_PrefabInstance: {fileID: 0}
  m_PrefabAsset: {fileID: 0}
  m_GameObject: {fileID: 8679054404514917139}
  m_LocalRotation: {x: 0, y: 0, z: 0, w: 1}
  m_LocalPosition: {x: 0, y: 0, z: 0}
  m_LocalScale: {x: 0.81054, y: 0.24404085, z: 1}
  m_Children: []
  m_Father: {fileID: 2081999742167088866}
  m_RootOrder: 0
  m_LocalEulerAnglesHint: {x: 0, y: 0, z: 0}
--- !u!33 &6209421824743721893
MeshFilter:
  m_ObjectHideFlags: 0
  m_CorrespondingSourceObject: {fileID: 0}
  m_PrefabInstance: {fileID: 0}
  m_PrefabAsset: {fileID: 0}
  m_GameObject: {fileID: 8679054404514917139}
  m_Mesh: {fileID: 10208, guid: 0000000000000000e000000000000000, type: 0}
--- !u!23 &2010902263791356031
MeshRenderer:
  m_ObjectHideFlags: 0
  m_CorrespondingSourceObject: {fileID: 0}
  m_PrefabInstance: {fileID: 0}
  m_PrefabAsset: {fileID: 0}
  m_GameObject: {fileID: 8679054404514917139}
  m_Enabled: 1
  m_CastShadows: 1
  m_ReceiveShadows: 1
  m_DynamicOccludee: 1
  m_MotionVectors: 1
  m_LightProbeUsage: 1
  m_ReflectionProbeUsage: 1
  m_RenderingLayerMask: 1
  m_RendererPriority: 0
  m_Materials:
  - {fileID: 10303, guid: 0000000000000000f000000000000000, type: 0}
  m_StaticBatchInfo:
    firstSubMesh: 0
    subMeshCount: 0
  m_StaticBatchRoot: {fileID: 0}
  m_ProbeAnchor: {fileID: 0}
  m_LightProbeVolumeOverride: {fileID: 0}
  m_ScaleInLightmap: 1
  m_PreserveUVs: 0
  m_IgnoreNormalsForChartDetection: 0
  m_ImportantGI: 0
  m_StitchLightmapSeams: 0
  m_SelectedEditorRenderState: 3
  m_MinimumChartSize: 4
  m_AutoUVMaxDistance: 0.5
  m_AutoUVMaxAngle: 89
  m_LightmapParameters: {fileID: 0}
  m_SortingLayerID: 0
  m_SortingLayer: 0
  m_SortingOrder: 0
--- !u!1001 &1486902121099410832
PrefabInstance:
  m_ObjectHideFlags: 0
  serializedVersion: 2
  m_Modification:
    m_TransformParent: {fileID: 8153216181921880256}
    m_Modifications:
    - target: {fileID: 7137888747096491091, guid: a4b173cb36f6b4b4394bf25574b22d2e,
        type: 3}
      propertyPath: m_Name
      value: Pixels 1
      objectReference: {fileID: 0}
    - target: {fileID: 7137888747096491091, guid: a4b173cb36f6b4b4394bf25574b22d2e,
        type: 3}
      propertyPath: m_IsActive
      value: 0
      objectReference: {fileID: 0}
    - target: {fileID: 7137888747096491088, guid: a4b173cb36f6b4b4394bf25574b22d2e,
        type: 3}
      propertyPath: m_LocalPosition.x
      value: 0
      objectReference: {fileID: 0}
    - target: {fileID: 7137888747096491088, guid: a4b173cb36f6b4b4394bf25574b22d2e,
        type: 3}
      propertyPath: m_LocalPosition.y
      value: 0
      objectReference: {fileID: 0}
    - target: {fileID: 7137888747096491088, guid: a4b173cb36f6b4b4394bf25574b22d2e,
        type: 3}
      propertyPath: m_LocalPosition.z
      value: 0
      objectReference: {fileID: 0}
    - target: {fileID: 7137888747096491088, guid: a4b173cb36f6b4b4394bf25574b22d2e,
        type: 3}
      propertyPath: m_LocalRotation.x
      value: -0.50000006
      objectReference: {fileID: 0}
    - target: {fileID: 7137888747096491088, guid: a4b173cb36f6b4b4394bf25574b22d2e,
        type: 3}
      propertyPath: m_LocalRotation.y
      value: -0.49999994
      objectReference: {fileID: 0}
    - target: {fileID: 7137888747096491088, guid: a4b173cb36f6b4b4394bf25574b22d2e,
        type: 3}
      propertyPath: m_LocalRotation.z
      value: 0.50000006
      objectReference: {fileID: 0}
    - target: {fileID: 7137888747096491088, guid: a4b173cb36f6b4b4394bf25574b22d2e,
        type: 3}
      propertyPath: m_LocalRotation.w
      value: -0.49999994
      objectReference: {fileID: 0}
    - target: {fileID: 7137888747096491088, guid: a4b173cb36f6b4b4394bf25574b22d2e,
        type: 3}
      propertyPath: m_RootOrder
      value: 2
      objectReference: {fileID: 0}
    - target: {fileID: 7137888747096491088, guid: a4b173cb36f6b4b4394bf25574b22d2e,
        type: 3}
      propertyPath: m_LocalEulerAnglesHint.x
      value: -90
      objectReference: {fileID: 0}
    - target: {fileID: 7137888747096491088, guid: a4b173cb36f6b4b4394bf25574b22d2e,
        type: 3}
      propertyPath: m_LocalEulerAnglesHint.y
      value: 0
      objectReference: {fileID: 0}
    - target: {fileID: 7137888747096491088, guid: a4b173cb36f6b4b4394bf25574b22d2e,
        type: 3}
      propertyPath: m_LocalEulerAnglesHint.z
      value: 0
      objectReference: {fileID: 0}
    - target: {fileID: 7137888747096491088, guid: a4b173cb36f6b4b4394bf25574b22d2e,
        type: 3}
      propertyPath: m_LocalScale.x
      value: 1.8610762
      objectReference: {fileID: 0}
    - target: {fileID: 7137888747096491088, guid: a4b173cb36f6b4b4394bf25574b22d2e,
        type: 3}
      propertyPath: m_LocalScale.y
      value: 1.5411452
      objectReference: {fileID: 0}
    - target: {fileID: 7137888747096491088, guid: a4b173cb36f6b4b4394bf25574b22d2e,
        type: 3}
      propertyPath: m_LocalScale.z
      value: -1.8610762
      objectReference: {fileID: 0}
    m_RemovedComponents: []
  m_SourcePrefab: {fileID: 100100000, guid: a4b173cb36f6b4b4394bf25574b22d2e, type: 3}
--- !u!1 &8623362385666013635 stripped
GameObject:
  m_CorrespondingSourceObject: {fileID: 7137888747096491091, guid: a4b173cb36f6b4b4394bf25574b22d2e,
    type: 3}
  m_PrefabInstance: {fileID: 1486902121099410832}
  m_PrefabAsset: {fileID: 0}
--- !u!4 &8623362385666013632 stripped
Transform:
  m_CorrespondingSourceObject: {fileID: 7137888747096491088, guid: a4b173cb36f6b4b4394bf25574b22d2e,
    type: 3}
  m_PrefabInstance: {fileID: 1486902121099410832}
  m_PrefabAsset: {fileID: 0}
--- !u!1001 &2745734623207003087
PrefabInstance:
  m_ObjectHideFlags: 0
  serializedVersion: 2
  m_Modification:
    m_TransformParent: {fileID: 2081999742167088866}
    m_Modifications:
    - target: {fileID: 1233290803670928174, guid: 229e47de081bcf64fa7f28c62960d9d4,
        type: 3}
      propertyPath: m_Name
      value: DebuffCanvas (1)
      objectReference: {fileID: 0}
    - target: {fileID: 5473815138543215596, guid: 229e47de081bcf64fa7f28c62960d9d4,
        type: 3}
      propertyPath: m_LocalPosition.x
      value: 0
      objectReference: {fileID: 0}
    - target: {fileID: 5473815138543215596, guid: 229e47de081bcf64fa7f28c62960d9d4,
        type: 3}
      propertyPath: m_LocalPosition.y
      value: 0
      objectReference: {fileID: 0}
    - target: {fileID: 5473815138543215596, guid: 229e47de081bcf64fa7f28c62960d9d4,
        type: 3}
      propertyPath: m_LocalPosition.z
      value: 0
      objectReference: {fileID: 0}
    - target: {fileID: 5473815138543215596, guid: 229e47de081bcf64fa7f28c62960d9d4,
        type: 3}
      propertyPath: m_LocalRotation.x
      value: -0
      objectReference: {fileID: 0}
    - target: {fileID: 5473815138543215596, guid: 229e47de081bcf64fa7f28c62960d9d4,
        type: 3}
      propertyPath: m_LocalRotation.y
      value: -0
      objectReference: {fileID: 0}
    - target: {fileID: 5473815138543215596, guid: 229e47de081bcf64fa7f28c62960d9d4,
        type: 3}
      propertyPath: m_LocalRotation.z
      value: -0
      objectReference: {fileID: 0}
    - target: {fileID: 5473815138543215596, guid: 229e47de081bcf64fa7f28c62960d9d4,
        type: 3}
      propertyPath: m_LocalRotation.w
      value: 1
      objectReference: {fileID: 0}
    - target: {fileID: 5473815138543215596, guid: 229e47de081bcf64fa7f28c62960d9d4,
        type: 3}
      propertyPath: m_RootOrder
      value: 3
      objectReference: {fileID: 0}
    - target: {fileID: 5473815138543215596, guid: 229e47de081bcf64fa7f28c62960d9d4,
        type: 3}
      propertyPath: m_LocalEulerAnglesHint.x
      value: 0
      objectReference: {fileID: 0}
    - target: {fileID: 5473815138543215596, guid: 229e47de081bcf64fa7f28c62960d9d4,
        type: 3}
      propertyPath: m_LocalEulerAnglesHint.y
      value: 0
      objectReference: {fileID: 0}
    - target: {fileID: 5473815138543215596, guid: 229e47de081bcf64fa7f28c62960d9d4,
        type: 3}
      propertyPath: m_LocalEulerAnglesHint.z
      value: 0
      objectReference: {fileID: 0}
    - target: {fileID: 5473815138543215596, guid: 229e47de081bcf64fa7f28c62960d9d4,
        type: 3}
      propertyPath: m_AnchoredPosition.x
      value: 0.14199996
      objectReference: {fileID: 0}
    - target: {fileID: 5473815138543215596, guid: 229e47de081bcf64fa7f28c62960d9d4,
        type: 3}
      propertyPath: m_AnchoredPosition.y
      value: 2.187
      objectReference: {fileID: 0}
    - target: {fileID: 5473815138543215596, guid: 229e47de081bcf64fa7f28c62960d9d4,
        type: 3}
      propertyPath: m_SizeDelta.x
      value: 1
      objectReference: {fileID: 0}
    - target: {fileID: 5473815138543215596, guid: 229e47de081bcf64fa7f28c62960d9d4,
        type: 3}
      propertyPath: m_SizeDelta.y
      value: 0.2
      objectReference: {fileID: 0}
    - target: {fileID: 5473815138543215596, guid: 229e47de081bcf64fa7f28c62960d9d4,
        type: 3}
      propertyPath: m_AnchorMin.x
      value: 0
      objectReference: {fileID: 0}
    - target: {fileID: 5473815138543215596, guid: 229e47de081bcf64fa7f28c62960d9d4,
        type: 3}
      propertyPath: m_AnchorMin.y
      value: 1
      objectReference: {fileID: 0}
    - target: {fileID: 5473815138543215596, guid: 229e47de081bcf64fa7f28c62960d9d4,
        type: 3}
      propertyPath: m_AnchorMax.x
      value: 0
      objectReference: {fileID: 0}
    - target: {fileID: 5473815138543215596, guid: 229e47de081bcf64fa7f28c62960d9d4,
        type: 3}
      propertyPath: m_AnchorMax.y
      value: 1
      objectReference: {fileID: 0}
    - target: {fileID: 5473815138543215596, guid: 229e47de081bcf64fa7f28c62960d9d4,
        type: 3}
      propertyPath: m_Pivot.x
      value: 0.5
      objectReference: {fileID: 0}
    - target: {fileID: 5473815138543215596, guid: 229e47de081bcf64fa7f28c62960d9d4,
        type: 3}
      propertyPath: m_Pivot.y
      value: 0.5
      objectReference: {fileID: 0}
    - target: {fileID: 5473815138543215596, guid: 229e47de081bcf64fa7f28c62960d9d4,
        type: 3}
      propertyPath: m_LocalScale.x
      value: 1
      objectReference: {fileID: 0}
    - target: {fileID: 5473815138543215596, guid: 229e47de081bcf64fa7f28c62960d9d4,
        type: 3}
      propertyPath: m_LocalScale.y
      value: 1
      objectReference: {fileID: 0}
    - target: {fileID: 6871715873938106746, guid: 229e47de081bcf64fa7f28c62960d9d4,
        type: 3}
      propertyPath: linkedEntity
      value: 
      objectReference: {fileID: 1148192915121246540}
    - target: {fileID: 6871715873938106746, guid: 229e47de081bcf64fa7f28c62960d9d4,
        type: 3}
      propertyPath: jamState
      value: 
      objectReference: {fileID: 4859289628311271712, guid: 235b06115fac8fc4cad1b5924b68de91,
        type: 3}
    m_RemovedComponents: []
  m_SourcePrefab: {fileID: 100100000, guid: 229e47de081bcf64fa7f28c62960d9d4, type: 3}
--- !u!224 &7920752893533663267 stripped
RectTransform:
  m_CorrespondingSourceObject: {fileID: 5473815138543215596, guid: 229e47de081bcf64fa7f28c62960d9d4,
    type: 3}
  m_PrefabInstance: {fileID: 2745734623207003087}
  m_PrefabAsset: {fileID: 0}
--- !u!1001 &4362942461440351207
PrefabInstance:
  m_ObjectHideFlags: 0
  serializedVersion: 2
  m_Modification:
    m_TransformParent: {fileID: 8153216181921880256}
    m_Modifications:
    - target: {fileID: 5357922866903432457, guid: e1a3db59eb68e24468a3c17f068bad4f,
        type: 3}
      propertyPath: m_Name
      value: Champion
      objectReference: {fileID: 0}
    - target: {fileID: 5357922866903432457, guid: e1a3db59eb68e24468a3c17f068bad4f,
        type: 3}
      propertyPath: m_IsActive
      value: 0
      objectReference: {fileID: 0}
    - target: {fileID: 5357922866903432456, guid: e1a3db59eb68e24468a3c17f068bad4f,
        type: 3}
      propertyPath: m_LocalPosition.x
      value: 0
      objectReference: {fileID: 0}
    - target: {fileID: 5357922866903432456, guid: e1a3db59eb68e24468a3c17f068bad4f,
        type: 3}
      propertyPath: m_LocalPosition.y
      value: 0
      objectReference: {fileID: 0}
    - target: {fileID: 5357922866903432456, guid: e1a3db59eb68e24468a3c17f068bad4f,
        type: 3}
      propertyPath: m_LocalPosition.z
      value: 0
      objectReference: {fileID: 0}
    - target: {fileID: 5357922866903432456, guid: e1a3db59eb68e24468a3c17f068bad4f,
        type: 3}
      propertyPath: m_LocalRotation.x
      value: -0.000000057601163
      objectReference: {fileID: 0}
    - target: {fileID: 5357922866903432456, guid: e1a3db59eb68e24468a3c17f068bad4f,
        type: 3}
      propertyPath: m_LocalRotation.y
      value: -0.7071068
      objectReference: {fileID: 0}
    - target: {fileID: 5357922866903432456, guid: e1a3db59eb68e24468a3c17f068bad4f,
        type: 3}
      propertyPath: m_LocalRotation.z
      value: 0.000000057601163
      objectReference: {fileID: 0}
    - target: {fileID: 5357922866903432456, guid: e1a3db59eb68e24468a3c17f068bad4f,
        type: 3}
      propertyPath: m_LocalRotation.w
      value: -0.7071068
      objectReference: {fileID: 0}
    - target: {fileID: 5357922866903432456, guid: e1a3db59eb68e24468a3c17f068bad4f,
        type: 3}
      propertyPath: m_RootOrder
      value: 3
      objectReference: {fileID: 0}
    - target: {fileID: 5357922866903432456, guid: e1a3db59eb68e24468a3c17f068bad4f,
        type: 3}
      propertyPath: m_LocalEulerAnglesHint.x
      value: -90
      objectReference: {fileID: 0}
    - target: {fileID: 5357922866903432456, guid: e1a3db59eb68e24468a3c17f068bad4f,
        type: 3}
      propertyPath: m_LocalEulerAnglesHint.y
      value: 0
      objectReference: {fileID: 0}
    - target: {fileID: 5357922866903432456, guid: e1a3db59eb68e24468a3c17f068bad4f,
        type: 3}
      propertyPath: m_LocalEulerAnglesHint.z
      value: 0
      objectReference: {fileID: 0}
    - target: {fileID: 5357922866903432456, guid: e1a3db59eb68e24468a3c17f068bad4f,
        type: 3}
      propertyPath: m_LocalScale.x
      value: 1.861076
      objectReference: {fileID: 0}
    - target: {fileID: 5357922866903432456, guid: e1a3db59eb68e24468a3c17f068bad4f,
        type: 3}
      propertyPath: m_LocalScale.y
      value: 3.72215
      objectReference: {fileID: 0}
    - target: {fileID: 5357922866903432456, guid: e1a3db59eb68e24468a3c17f068bad4f,
        type: 3}
      propertyPath: m_LocalScale.z
      value: -1.541145
      objectReference: {fileID: 0}
    - target: {fileID: 5357922866903432454, guid: e1a3db59eb68e24468a3c17f068bad4f,
        type: 3}
      propertyPath: ShapeModule.type
      value: 14
      objectReference: {fileID: 0}
    - target: {fileID: 5357922866903432454, guid: e1a3db59eb68e24468a3c17f068bad4f,
        type: 3}
      propertyPath: ShapeModule.m_SkinnedMeshRenderer
      value: 
      objectReference: {fileID: 0}
    - target: {fileID: 5357922866903432454, guid: e1a3db59eb68e24468a3c17f068bad4f,
        type: 3}
      propertyPath: TrailModule.colorOverTrail.maxColor.a
      value: 0.5019608
      objectReference: {fileID: 0}
    - target: {fileID: 5357922866903432454, guid: e1a3db59eb68e24468a3c17f068bad4f,
        type: 3}
      propertyPath: InitialModule.startLifetime.minScalar
      value: 1
      objectReference: {fileID: 0}
    - target: {fileID: 5357922866903432454, guid: e1a3db59eb68e24468a3c17f068bad4f,
        type: 3}
      propertyPath: InitialModule.startLifetime.scalar
      value: 1.5
      objectReference: {fileID: 0}
    - target: {fileID: 5357922866903432454, guid: e1a3db59eb68e24468a3c17f068bad4f,
        type: 3}
      propertyPath: NoiseModule.strength.scalar
      value: 0.5
      objectReference: {fileID: 0}
    - target: {fileID: 5357922866903432454, guid: e1a3db59eb68e24468a3c17f068bad4f,
        type: 3}
      propertyPath: NoiseModule.frequency
      value: 0.4
      objectReference: {fileID: 0}
    - target: {fileID: 5357922866903432454, guid: e1a3db59eb68e24468a3c17f068bad4f,
        type: 3}
      propertyPath: ShapeModule.radiusThickness
      value: 1
      objectReference: {fileID: 0}
    - target: {fileID: 5357922866903432454, guid: e1a3db59eb68e24468a3c17f068bad4f,
        type: 3}
      propertyPath: ShapeModule.radiusThickness
      value: 1
      objectReference: {fileID: 0}
    m_RemovedComponents: []
  m_SourcePrefab: {fileID: 100100000, guid: e1a3db59eb68e24468a3c17f068bad4f, type: 3}
--- !u!4 &8563422584491108079 stripped
Transform:
  m_CorrespondingSourceObject: {fileID: 5357922866903432456, guid: e1a3db59eb68e24468a3c17f068bad4f,
    type: 3}
  m_PrefabInstance: {fileID: 4362942461440351207}
  m_PrefabAsset: {fileID: 0}
--- !u!1 &8563422584491108078 stripped
GameObject:
  m_CorrespondingSourceObject: {fileID: 5357922866903432457, guid: e1a3db59eb68e24468a3c17f068bad4f,
    type: 3}
  m_PrefabInstance: {fileID: 4362942461440351207}
  m_PrefabAsset: {fileID: 0}
--- !u!1001 &6449438918626757594
PrefabInstance:
  m_ObjectHideFlags: 0
  serializedVersion: 2
  m_Modification:
    m_TransformParent: {fileID: 2081999742167088866}
    m_Modifications:
    - target: {fileID: 9084829723168229310, guid: 02e12469741d4a147ace5402bbabe3b6,
        type: 3}
      propertyPath: m_LocalPosition.x
      value: -0
      objectReference: {fileID: 0}
    - target: {fileID: 9084829723168229310, guid: 02e12469741d4a147ace5402bbabe3b6,
        type: 3}
      propertyPath: m_LocalPosition.y
      value: 1.556
      objectReference: {fileID: 0}
    - target: {fileID: 9084829723168229310, guid: 02e12469741d4a147ace5402bbabe3b6,
        type: 3}
      propertyPath: m_LocalPosition.z
      value: 0
      objectReference: {fileID: 0}
    - target: {fileID: 9084829723168229310, guid: 02e12469741d4a147ace5402bbabe3b6,
        type: 3}
      propertyPath: m_LocalRotation.x
      value: 0
      objectReference: {fileID: 0}
    - target: {fileID: 9084829723168229310, guid: 02e12469741d4a147ace5402bbabe3b6,
        type: 3}
      propertyPath: m_LocalRotation.y
      value: 0
      objectReference: {fileID: 0}
    - target: {fileID: 9084829723168229310, guid: 02e12469741d4a147ace5402bbabe3b6,
        type: 3}
      propertyPath: m_LocalRotation.z
      value: 0
      objectReference: {fileID: 0}
    - target: {fileID: 9084829723168229310, guid: 02e12469741d4a147ace5402bbabe3b6,
        type: 3}
      propertyPath: m_LocalRotation.w
      value: 1
      objectReference: {fileID: 0}
    - target: {fileID: 9084829723168229310, guid: 02e12469741d4a147ace5402bbabe3b6,
        type: 3}
      propertyPath: m_RootOrder
      value: 2
      objectReference: {fileID: 0}
    - target: {fileID: 9084829723168229310, guid: 02e12469741d4a147ace5402bbabe3b6,
        type: 3}
      propertyPath: m_LocalEulerAnglesHint.x
      value: 0
      objectReference: {fileID: 0}
    - target: {fileID: 9084829723168229310, guid: 02e12469741d4a147ace5402bbabe3b6,
        type: 3}
      propertyPath: m_LocalEulerAnglesHint.y
      value: 0
      objectReference: {fileID: 0}
    - target: {fileID: 9084829723168229310, guid: 02e12469741d4a147ace5402bbabe3b6,
        type: 3}
      propertyPath: m_LocalEulerAnglesHint.z
      value: 0
      objectReference: {fileID: 0}
    - target: {fileID: 985973095254537939, guid: 02e12469741d4a147ace5402bbabe3b6,
        type: 3}
      propertyPath: m_Name
      value: HealthBar
      objectReference: {fileID: 0}
    - target: {fileID: 3462206663198101639, guid: 02e12469741d4a147ace5402bbabe3b6,
        type: 3}
      propertyPath: stats
      value: 
      objectReference: {fileID: 1148192915121246540}
    m_RemovedComponents: []
  m_SourcePrefab: {fileID: 100100000, guid: 02e12469741d4a147ace5402bbabe3b6, type: 3}
--- !u!4 &2851569084247149668 stripped
Transform:
  m_CorrespondingSourceObject: {fileID: 9084829723168229310, guid: 02e12469741d4a147ace5402bbabe3b6,
    type: 3}
  m_PrefabInstance: {fileID: 6449438918626757594}
  m_PrefabAsset: {fileID: 0}
--- !u!1001 &7309896148402814489
PrefabInstance:
  m_ObjectHideFlags: 0
  serializedVersion: 2
  m_Modification:
    m_TransformParent: {fileID: 2081999742167088866}
    m_Modifications:
    - target: {fileID: 1790556093622122699, guid: 672cfbdde2d8f4342898cfc499dc383c,
        type: 3}
      propertyPath: m_LocalPosition.x
      value: 0
      objectReference: {fileID: 0}
    - target: {fileID: 1790556093622122699, guid: 672cfbdde2d8f4342898cfc499dc383c,
        type: 3}
      propertyPath: m_LocalPosition.y
      value: 1.395
      objectReference: {fileID: 0}
    - target: {fileID: 1790556093622122699, guid: 672cfbdde2d8f4342898cfc499dc383c,
        type: 3}
      propertyPath: m_LocalPosition.z
      value: 0
      objectReference: {fileID: 0}
    - target: {fileID: 1790556093622122699, guid: 672cfbdde2d8f4342898cfc499dc383c,
        type: 3}
      propertyPath: m_LocalRotation.x
      value: 0
      objectReference: {fileID: 0}
    - target: {fileID: 1790556093622122699, guid: 672cfbdde2d8f4342898cfc499dc383c,
        type: 3}
      propertyPath: m_LocalRotation.y
      value: 0
      objectReference: {fileID: 0}
    - target: {fileID: 1790556093622122699, guid: 672cfbdde2d8f4342898cfc499dc383c,
        type: 3}
      propertyPath: m_LocalRotation.z
      value: 0
      objectReference: {fileID: 0}
    - target: {fileID: 1790556093622122699, guid: 672cfbdde2d8f4342898cfc499dc383c,
        type: 3}
      propertyPath: m_LocalRotation.w
      value: 1
      objectReference: {fileID: 0}
    - target: {fileID: 1790556093622122699, guid: 672cfbdde2d8f4342898cfc499dc383c,
        type: 3}
      propertyPath: m_RootOrder
      value: 4
      objectReference: {fileID: 0}
    - target: {fileID: 1790556093622122699, guid: 672cfbdde2d8f4342898cfc499dc383c,
        type: 3}
      propertyPath: m_LocalEulerAnglesHint.x
      value: 0
      objectReference: {fileID: 0}
    - target: {fileID: 1790556093622122699, guid: 672cfbdde2d8f4342898cfc499dc383c,
        type: 3}
      propertyPath: m_LocalEulerAnglesHint.y
      value: 0
      objectReference: {fileID: 0}
    - target: {fileID: 1790556093622122699, guid: 672cfbdde2d8f4342898cfc499dc383c,
        type: 3}
      propertyPath: m_LocalEulerAnglesHint.z
      value: 0
      objectReference: {fileID: 0}
    - target: {fileID: 1790556093622122699, guid: 672cfbdde2d8f4342898cfc499dc383c,
        type: 3}
      propertyPath: m_LocalScale.x
      value: 0.5
      objectReference: {fileID: 0}
    - target: {fileID: 7738442509208422822, guid: 672cfbdde2d8f4342898cfc499dc383c,
        type: 3}
      propertyPath: m_Name
      value: ChampionType
      objectReference: {fileID: 0}
    - target: {fileID: 7738442509208422822, guid: 672cfbdde2d8f4342898cfc499dc383c,
        type: 3}
      propertyPath: m_IsActive
      value: 0
      objectReference: {fileID: 0}
    - target: {fileID: 4622497498715049541, guid: 672cfbdde2d8f4342898cfc499dc383c,
        type: 3}
      propertyPath: enemy
      value: 
      objectReference: {fileID: 7616694461505821888}
    - target: {fileID: 4622497498715049541, guid: 672cfbdde2d8f4342898cfc499dc383c,
        type: 3}
      propertyPath: target
      value: 
      objectReference: {fileID: 2081999742167088866}
    m_RemovedComponents: []
  m_SourcePrefab: {fileID: 100100000, guid: 672cfbdde2d8f4342898cfc499dc383c, type: 3}
--- !u!4 &9054665818109527762 stripped
Transform:
  m_CorrespondingSourceObject: {fileID: 1790556093622122699, guid: 672cfbdde2d8f4342898cfc499dc383c,
    type: 3}
  m_PrefabInstance: {fileID: 7309896148402814489}
  m_PrefabAsset: {fileID: 0}
